3134 5544
186 614 253 677 826
426 624 597 675 sesemen
617 624 794 677 sosmens
816 622 993 677 πωπω.

189 834 295 923 posit
315 834 405 901 solue
425 832 530 919 ebbae
562 834 734 903 absolvero
755 840 792 903 et
820 856 910 903 unns
931 832 1020 903 elius
1041 832 1087 901 sol
1118 832 1183 903 boe
1203 838 1245 901 nt

189 936 316 1003 disum
338 942 390 1003 est
411 934 453 1001 ‹le
474 936 642 1023 eommnni
662 930 800 1019 oonsilio
827 934 1051 1025 deputandus,
1071 940 1109 1003 et
1128 934 1243 1003 horsi

190 1038 260 1105 sint
282 1038 412 1105 oeeulta
435 1036 628 1125 hujusmodi
650 1036 799 1117 erimina,
820 1042 858 1105 et
882 1038 983 1105 unies
1003 1042 1141 1105 tantm
1161 1036 1243 1105 vise.

191 1140 255 1207 Pro
275 1140 343 1207 hiis
364 1145 478 1207 sutem
507 1138 536 1205 si
567 1138 694 1206 luerint
722 1138 907 1218 manifesta,
928 1138 1124 1227 imponetur
1143 1158 1243 1227 μω

189 1243 324 1333 gravior
354 1242 538 1309 seeundum
571 1240 732 1330 regulam,
754 1247 790 1310 et
812 1240 981 1331 essentie
1009 1262 1033 1309 s
1061 1239 1243 1309 oommnni·

190 1350 262 1411 teto
283 1365 387 1431 usqne
418 1342 462 1409 sd
492 1342 590 1431 signs
618 1342 794 1433 eondignoe
824 1342 1044 1431 poenitentire,
1073 1342 1244 1431 proemia

190 1443 418 1511 satisfactione
450 1444 618 1531 condigne
647 1444 804 1511 fseienda
835 1464 912 1510 enm
934 1464 988 1511 res
1017 1442 1127 1533 exigit
1147 1442 1243 1510 lrstri

191 1544 279 1622 less·
299 1544 492 1631 priusqusm
515 1544 713 1610 restituetur
741 1544 937 1631 delinquens
969 1544 1123 1631 pristimo
1144 1542 1242 1611 liber·

192 1645 265 1711 lati.
311 1642 446 1737 Caveat
462 1645 597 1731 insuper
618 1644 764 1735 quilibet
785 1664 828 1712 ne
849 1644 1018 1711 ssessione
1039 1642 1243 1711 visitationis

191 1754 316 1813 nostrie
337 1746 466 1833 sliquid
500 1750 704 1833 attemptare
737 1752 925 1835 proesnmst,
954 1746 1171 1833 inquirendo·
1186 1766 1242 1813 ex·

192 1848 348 1929 essendo,
371 1848 556 1915 aooussndo
588 1868 624 1913 se
646 1846 701 1913 vel
734 1846 849 1927 alium
879 1846 1145 1937 improperando,
1171 1868 1244 1937 gra·

193 1949 304 2016 vendo
335 1948 437 2015 verbo
467 1948 522 2015 vel
552 1969 660 2036 opere,
694 1946 750 2015 vel
783 1948 1032 2037 quomodolibet
1067 1948 1243 2037 punienda,

192 2072 253 2139 pro
274 2050 342 2117 hiis
365 2072 440 2138 qme
470 2050 568 2117 nobis
601 2054 684 2117 sunt
714 2050 751 2115 in
784 2050 990 2118 visitationis
1011 2058 1136 2119 nostre
1156 2072 1241 2121 sorn-

193 2152 280 2220 tinio
316 2140 487 2233 revelata}
520 2152 706 2239 presertim
739 2152 820 2239 'quia
851 2152 1055 2219 eontrarium
1087 2152 1244 2221 iaoientsa

193 2254 344 2321 insident
365 2254 439 2341 ipso
470 2254 558 2321 laeto
589 2254 626 2319 in
658 2254 1015 2323 exeommunietionia
1036 2252 1245 2335 sententism,

193 2376 216 2423 s
237 2376 304 2444 qus
325 2354 439 2423 nullus
469 2352 558 2443 ipsos
588 2360 778 2424 nostrorum
809 2355 935 2443 poterit
967 2356 1141 2425 absolvers
1169 2356 1243 2425 snb

193 2457 349 2525 (litorum.
406 2456 504 2523 Hans
536 2461 652 2523 antem
671 2456 902 2525 ordinationis
933 2464 1059 2527 nostre
1080 2458 1245 2547 peginam

99 2610 105 2617 .
193 2558 239 2625 sd
275 2561 472 2645 perpetuam
508 2558 557 2624 rei
595 2548 787 2625 memoriam
826 2558 926 2627 soribi
962 2558 1176 2648 prseeipimns
1210 2558 1245 2627 in

196 2658 402 2749 Msrtilogio,
431 2663 468 2726 st
504 2660 542 2725 in
578 2658 734 2727 kalendis
766 2660 993 2747 quorumlibet
1024 2660 1191 2729 mensium
1210 2660 1246 2729 in

194 2762 344 2851 sepitulo
365 2780 476 2829 eoram
499 2762 655 2829 omnibns
676 2762 819 2831 reeitori.
872 2762 1040 2832 Preteres
1059 2764 1247 2833 inhibemus

195 2866 258 2932 sub
289 2856 561 2932 interminatione
597 2862 830 2944 snstbemstis,
861 2886 905 2931 ne
940 2866 1063 2953 sliqsis
1099 2872 1248 2935 vestrum

195 2988 378 3055 proponere
409 2956 591 3055 prresnmst
624 2968 660 3033 in
693 2989 889 3055 quacunque
921 2970 1114 3037 visitatione
1134 2970 1248 3037 seems

195 3095 235 3138 ea
257 3094 331 3158 quse
355 3077 434 3136 sunt
457 3071 491 3134 in
514 3077 627 3137 nostre
642 3072 833 3138 visitatione
856 3079 1008 3151 semote,
1023 3074 1089 3139 nisi
1111 3074 1249 3142 forsitan

196 3179 402 3260 apparerent,
435 3173 523 3257 quod
555 3179 686 3237 avertat
709 3172 911 3251 Altissimus
944 3175 1057 3261 eliqua
1088 3175 1249 3242 residivi¹

196 3274 380 3362 probabilia
423 3272 548 3339 indicis
584 3275 619 3337 in
657 3276 822 3341 correctis.
869 3277 913 3341 In
943 3277 1037 3362 cujus
1068 3278 1118 3343 rei
1156 3277 1252 3344 testi·

197 3378 344 3444 monium
368 3376 615 3461 impressionem
639 3375 740 3463 sigilli
764 3377 868 3442 nostri
900 3378 1058 3443 duximus
1080 3379 1251 3465 praesenti·

196 3481 257 3545 bus
296 3476 534 3564 apponendam.
582 3476 708 3543 Velete.
756 3479 883 3544 Datum
899 3479 988 3566 apud
1010 3479 1196 3566 Bsrdeney‚
1218 3502 1251 3546 x.

196 3581 262 3646 ksl.
297 3579 459 3655 Ootobris,
491 3598 580 3643 anno
618 3578 756 3643 Domini
790 3596 868 3645 mcc.
900 3580 1100 3666 octogesimo
1122 3587 1251 3668 quarto,

197 3683 418 3749 ordinationis
440 3688 562 3747 nostrse
584 3686 688 3747 sexto.

578 3946 586 3978 ¹
602 3946 721 4013 residias]
735 3945 846 4009 residivi,
856 3951 889 3999 A.

747 4222 1000 4232 —n-——-.—-
