3134 5544
409 712 582 763 simona
604 712 780 762 sonamus
802 712 977 762 suessia·
1151 699 1215 761 855

163 901 266 990 hujus
301 905 522 970 ordinationis
567 909 691 971 nostrae
729 906 969 971 contumaciter
998 927 1033 970 se
1062 906 1214 983 erexerit,

162 1014 335 1090 separatus
356 1007 402 1071 sit
436 1007 507 1092 ipso
530 1006 619 1071 sacto
641 1028 662 1071 a
684 1008 914 1072 communione
938 1013 973 1072 et
994 1007 1142 1072 reclusus
1172 1007 1216 1072 ab

160 1109 322 1185 omnibus,
356 1115 397 1173 ut
433 1109 529 1174 docet
566 1108 689 1194 regula,
721 1111 875 1186 evitetur,
907 1110 1011 1175 donec
1043 1109 1215 1174 humiliter

161 1210 297 1275 obediat
319 1211 473 1276 omnibns
496 1211 705 1297 supradictis.
751 1211 946 1277 Garcionem
980 1213 1082 1276 etiam
1114 1232 1212 1276 suum

161 1314 371 1399 praecipimus
389 1314 500 1398 jacere
524 1321 560 1378 et
581 1315 751 1381 comedere
774 1336 849 1379 cum
883 1314 1093 1399 garcionibus
1126 1335 1215 1379 oom-

160 1416 346 1491 munitatis,
380 1422 415 1479 et
451 1415 645 1480 nuliatenus
679 1416 770 1480 intra
801 1415 994 1481 claustrum.
1053 1415 1212 1480 Hostium

159 1516 295 1603 insuper
312 1517 415 1602 juxta
436 1538 599 1582 cameram
614 1517 849 1602 supradictam,
864 1517 953 1602 quod
980 1517 1074 1582 ducit
1097 1538 1212 1582 versus

159 1619 352 1704 pomerium,
377 1618 529 1684 decetero
551 1619 700 1684 clausum
724 1624 812 1684 stare
835 1619 1045 1704 praecipimus
1068 1626 1103 1684 ct
1123 1641 1212 1684 sera·

160 1727 243 1795 tum,
269 1719 373 1785 donec
404 1720 514 1805 ipsum
552 1721 736 1806 pomerium
774 1721 863 1784 muri
900 1720 1048 1784 decentis
1080 1721 1210 1785 ambitu

159 1821 205 1884 sit
242 1821 444 1895 conclusum,
478 1821 573 1906 cujus
611 1821 714 1886 hostii
752 1821 879 1886 clavem
918 1821 1085 1887 custodiat
1121 1823 1211 1888 solus

159 1922 259 2007 prior.
306 1921 440 1987 Possint
461 1930 575 1986 temen
598 1922 721 1986 infirmi
745 1929 824 1987 ante
859 1922 938 1987 solis
972 1945 1121 1988 occasum
1152 1946 1212 2010 per

159 2025 269 2110 ipsum
292 2025 404 2110 egredi
438 2032 474 2089 et
506 2025 637 2111 ingredi
670 2025 865 2111 spaciatum,
889 2027 939 2089 ita
972 2033 1086 2089 temen
1120 2026 1210 2110 quod

158 2125 263 2191 clavis
285 2125 387 2191 hostii
409 2147 541 2212 semper
563 2129 599 2191 in
621 2127 741 2212 prioris
769 2127 921 2192 custodia
952 2128 997 2191 sit
1031 2127 1072 2192 de
1106 2134 1211 2193 nocte.

159 2226 235 2291 Tibi
259 2228 372 2313 igitur,
394 2229 494 2314 prior,
517 2229 728 2315 precipimus
750 2228 813 2292 sub
835 2251 936 2315 poena
967 2229 1212 2306 inobedientias,

159 2336 200 2393 ut
221 2330 333 2394 omnia
366 2330 527 2396 nnediata
561 2329 664 2396 iacias
698 2330 841 2395 fideliter
878 2332 1055 2396 observari
1103 2331 1148 2395 Et
1182 2333 1211 2397 si

157 2453 255 2516 quem
279 2432 446 2496 inveneris
468 2433 543 2498 istis
567 2433 601 2496 in
624 2432 737 2518 aliquo
761 2432 980 2508 resistentem,
1007 2433 1091 2497 illud
1114 2433 1211 2498 nobis

158 2531 324 2616 significes
361 2531 510 2597 indilate.
570 2533 734 2597 Praeterea
771 2535 798 2596 si
838 2534 1033 2619 praedictum
1071 2534 1210 2600 fratrem

159 2632 361 2697 wilielmum
395 2634 609 2720 perpenderis
640 2634 752 2719 aliqua
790 2635 886 2720 signa
923 2643 1012 2700 certa
1035 2638 1210 2721 apostasiis

158 2735 371 2821 praetendere,
393 2741 433 2799 ut
454 2757 491 2800 sc
512 2734 679 2800 facturum
704 2757 805 2799 ausus
837 2743 888 2799 est
920 2744 1069 2801 astruere
1099 2759 1208 2803 coram

156 2836 262 2912 nobis,
285 2858 361 2901 eum
385 2835 488 2902 famas
511 2837 547 2901 in
569 2843 661 2903 arcto
683 2858 810 2903 carcere
834 2837 987 2916 detineri,
1010 2838 1116 2906 donec
1150 2862 1209 2926 per

154 2938 351 3023 condignam
390 2938 623 3023 poenitentiam
661 2938 798 3004 diluerit
837 2944 968 3003 tantum
1002 2941 1136 3016 crimen,
1173 2948 1208 3006 et

155 3046 225 3103 tum
248 3039 358 3124 ipsum
380 3059 480 3123 quam
503 3038 586 3103 slios
608 3059 630 3103 a
651 3040 813 3124 suspectis
836 3038 1007 3124 colloquiis
1030 3041 1208 3106 muliorum

155 3142 290 3207 studeas
323 3148 392 3206 tam
428 3142 536 3227 rigide
558 3164 714 3219 coercere,
742 3150 781 3208 ut
803 3144 954 3209 extincta
980 3144 1118 3210 infamia
1140 3167 1208 3210 non

156 3251 327 3330 resurgst;
359 3250 395 3307 et
428 3244 531 3308 etiam
564 3266 639 3308 cum
671 3245 885 3310 saecularibns
916 3246 1106 3311 hominibus
1140 3268 1208 3311 non

155 3344 344 3431 lmlusntur,
365 3345 431 3409 nisi
451 3345 545 3430 justa
568 3347 747 3412 necessitas
770 3347 823 3411 vel
848 3349 903 3432 pia
926 3348 1059 3412 utilitas
1090 3349 1126 3412 id
1149 3371 1207 3421 ex·

154 3452 300 3533 poseant,
322 3451 358 3510 et
391 3468 521 3533 semper
543 3448 584 3513 de
609 3454 678 3523 tuo,
700 3450 799 3534 prior,
822 3448 910 3513 scitu
944 3455 979 3514 et
1001 3450 1145 3526 licentia,
1168 3456 1208 3514 ut

155 3550 263 3614 omnis
294 3549 439 3634 suspicio
470 3557 505 3615 et
546 3551 746 3636 conspiratio
783 3560 943 3637 perpetuo
980 3552 1207 3618 excludantur.

156 3651 280 3716 t'aiete.
345 3650 471 3716 Datum
503 3653 593 3738 apud
627 3653 816 3729 Rodeston’,
852 3655 934 3717 xvii.
968 3654 1035 3720 kat.
1070 3655 1208 3720 Decem·

154 3753 231 3829 bris,
263 3774 352 3818 anno
387 3753 522 3818 Domini
556 3770 801 3831 uccnxxxnu,
832 3755 1052 3822 ordinationis
1085 3764 1207 3822 nostrae

153 3861 256 3920 sexto.

607 4128 759 4196 ucxlv.

352 4268 403 4333 To
427 4285 496 4334 rna
520 4270 762 4337 Ascunmcos
787 4291 831 4338 on
856 4274 1011 4342 Oxsonn.

199 4411 316 4475 Frater
346 4412 558 4497 J[ohanncs],
589 4420 662 4488 etc„
687 4416 917 4482 archidiacono
955 4419 1138 4484 Osoniensi
1172 4426 1208 4486 et
1265 4438 1337 4485 iaso.

151 4512 224 4594 ejus
254 4513 397 4585 otiicisli.
420 4514 573 4580 salutem.
624 4515 743 4601 Nuper
765 4519 860 4581 nobis
894 4519 1043 4584 innotuit
1064 4520 1205 4586 clamore
1222 4500 1354 4617 „2¹²3”

158 4615 277 4692 valido,
302 4616 390 4702 quod
417 4616 473 4681 ille
503 4618 560 4702 qui
592 4619 655 4683 sub
689 4620 808 4684 umbra
839 4623 1053 4706 protectionis
1086 4633 1204 4691 vestm
1221 4632 1361 4685 simin,
