3134 5544
416 722 585 774 amaram:
608 726 781 775 mmums
805 726 978 776 incussu.
1158 711 1221 781 791

214 891 425 957 Meminimus
462 915 521 958 nos
558 895 653 959 vobis
691 895 773 960 alias
812 897 855 961 ad
903 896 1148 983 suggestionem
1187 903 1222 962 et

164 993 422 1077 appellationem
461 997 586 1062 domini
628 997 794 1062 Johannis
832 999 913 1064 dicti
953 999 1069 1085 Pycot,
1101 999 1216 1064 decani

163 1094 644 1185 Ex‹›11iemis,supe1·eeclesia
668 1101 792 1165 suade
816 1101 961 1166 Hanton’
986 1104 1103 1164 vestrae
1136 1102 1219 1165 dioe·

161 1198 254 1269 cesis,
276 1199 320 1263 ad
343 1199 468 1265 curiam
491 1206 637 1265 nostram
674 1200 819 1288 legitime
855 1202 1081 1286 interpositam
1116 1203 1218 1287 sen'p-

162 1298 252 1373 sirse,
276 1301 437 1365 ucetiam
463 1300 645 1367 inhibuisse
668 1324 710 1366 ne
733 1303 897 1388 pendente
922 1303 957 1366 in
990 1303 1081 1367 curia
1104 1310 1218 1369 nostra

162 1397 351 1484 hujusmodi
374 1403 606 1488 appellationis
643 1405 785 1489 negotio,
819 1404 946 1488 aliquid
977 1426 1036 1489 per
1069 1426 1128 1470 vos
1159 1426 1216 1470 seu

161 1501 265 1566 alium
287 1524 386 1589 anpm
409 1505 567 1589 praedicta
589 1504 724 1570 ecelesia
749 1506 784 1569 in
806 1504 911 1590 ipsius
946 1506 1060 1571 decani
1097 1508 1216 1592 praeju-

162 1603 285 1668 dicium
308 1611 573 1691 attemptaretur,
596 1629 653 1671 seu
678 1606 830 1672 faceretis
853 1607 1043 1691 aliqualiter
1074 1612 1216 1695 attemp-

161 1706 246 1783 ta1·i;
268 1713 303 1770 et
325 1728 384 1770 vos
407 1706 595 1793 hujusmodi
619 1708 817 1773 inhibitione
834 1715 945 1774 nostra
960 1730 1001 1773 ex
1019 1714 1111 1793 parte
1134 1710 1216 1777 dicti

161 1807 278 1871 decani
317 1809 412 1873 vobis
459 1807 620 1883 exhibita,
659 1816 698 1873 ut
744 1810 911 1887 asseritur,
950 1831 1014 1874 non
1053 1811 1216 1888 obstante,

161 1931 268 1973 coram
309 1911 423 1974 multis¹
458 1911 750 1975 circumstantibus
787 1911 972 1996 fidedignis‚
1006 1911 1141 1977 Thomae
1173 1914 1214 1978 de

161 2013 277 2077 Daune
307 2015 501 2099 presbytero
523 2015 566 2078 ud
589 2014 712 2079 dictam
748 2015 915 2079 ecclesiam
950 2015 991 2078 de
1025 2014 1171 2079 Hanton'
1194 2038 1215 2080 a

162 2124 299 2199 patrono
323 2115 469 2200 ejusdem
493 2121 693 2200 praesentato
716 2116 846 2200 publice
870 2121 904 2180 et
925 2120 1037 2200 aperte
1073 2116 1214 2194 dixistio,

161 2226 199 2279 ut
221 2218 283 2279 nisi
310 2217 378 2301 ipse
416 2217 557 2281 Thomas
594 2216 760 2302 praedicta]
798 2217 941 2282 ccclesia
979 2219 1213 2303 possessionem

161 2319 397 2403 ingrederetur,
431 2341 601 2403 nunquam
634 2319 740 2404 ipsam
764 2319 931 2384 ecclesiam
954 2320 1126 2396 obtineret,
1159 2321 1212 2385 lit

159 2426 245 2484 teras¹
268 2443 336 2484 suae
354 2421 574 2484 iustitutionis
598 2428 632 2483 et
648 2421 847 2486 inductionis
862 2443 960 2505 super
975 2421 1063 2486 dicta
1078 2421 1212 2487 ecclesia

159 2520 221 2584 ¹eibi
247 2520 413 2585 iaciendas
436 2520 603 2585 Willelmo
627 2520 667 2585 de
691 2520 827 2585 Oharles
843 2522 958 2586 clerico
973 2522 1210 2589 demandanda

160 2622 361 2707 Quiquidem
409 2620 552 2687 Thomas
599 2630 634 2688 et
668 2621 864 2699 Willelmus,
897 2645 965 2687 nun
999 2644 1072 2689 cum
1123 2646 1210 2690 com·

158 2723 297 2808 plicibus
313 2725 390 2800 suis,
413 2747 455 2789 cx
478 2723 539 2789 hoc
562 2725 733 2789 amlaciam
756 2730 968 2802 assumentes
984 2731 1018 2789 ct
1039 2726 1082 2789 ad
1104 2726 1209 2812 ipsam

159 2827 326 2891 ecclesiam
362 2848 460 2891 manu
507 2832 636 2891 armata
680 2832 714 2890 et
760 2848 848 2891 more
893 2825 1015 2903 hostili,
1048 2834 1208 2913 tanquam

159 2928 277 2991 salutis
321 2928 462 3014 propriae
501 2934 535 2991 et
576 2927 710 2991 honoris
757 2927 971 3005 immemores,
1009 2930 1207 3008 accedentes

159 3030 330 3115 praesulum
363 3028 529 3094 ecclesiam
561 3051 642 3092 ausu
676 3028 857 3106 temerarie,
891 3030 983 3094 vobis
1020 3029 1208 3116 hujusmodi

159 3132 237 3197 facti
265 3154 329 3197 non
366 3131 485 3207 insciis,
509 3131 609 3194 immo
644 3131 754 3215 potira
786 3130 908 3195 eisdem
942 3132 1208 3199 malefactoribus

159 3233 192 3296 in
217 3232 278 3298 liae
301 3240 395 3319 parto
419 3252 612 3296 consensum
636 3231 881 3316 praestantibus,
906 3240 944 3296 ut
966 3233 1097 3310 dicitur,
1120 3257 1207 3300 com·

158 3333 343 3413 bussemnt,
367 3339 401 3397 et
423 3356 457 3397 se
493 3333 526 3395 in
560 3332 697 3396 eandem
731 3332 899 3397 ecclesiam
932 3333 1147 3413 intruserunt,
1170 3337 1206 3401 in

159 3444 278 3499 nostae
313 3433 555 3520 jurisdictionis
593 3440 627 3497 et
673 3434 776 3498 totius
814 3434 1009 3500 universalis
1063 3438 1205 3503 ecclesiae

159 3537 385 3622 praejudicinm
436 3544 469 3600 ct
516 3542 752 3623 contemptum,
790 3558 828 3602 ac
865 3536 966 3601 etiam
1014 3539 1204 3603 scandalum

155 3639 379 3724 plurimomm.
428 3636 586 3716 Quocirca
618 3658 676 3703 vos
722 3639 862 3703 citamus
900 3641 1116 3725 peremptorie
1148 3662 1206 3727 per

155 3746 340 3825 praesentes
365 3747 403 3803 ut
425 3740 576 3823 proxima
599 3739 652 3803 die
670 3739 815 3824 juridica
847 3747 922 3825 post
955 3740 1077 3805 festum
1103 3742 1202 3805 Exul-

154 3842 290 3906 tationis
307 3842 437 3906 Sanctae
455 3841 579 3917 Crucis,
597 3863 654 3927 per
670 3863 728 3905 vos
751 3849 811 3906 aut
833 3842 1048 3907 sufficientem
1072 3866 1202 3930 respon·

156 3947 267 4021 ¹alem,
301 3944 516 4031 compareatis
558 3966 666 4009 coram
703 3943 797 4009 nobis
830 3945 1019 4031 ubicunque
1056 3953 1136 4013 tunc
1169 3949 1204 4012 in

156 4048 326 4134 provincia
374 4052 486 4111 nostra
509 4044 741 4111 Cantuariensi
794 4047 962 4125 fuerirnus,
1002 4055 1070 4112 tam
1109 4051 1204 4115 nobis

153 4172 252 4234 quma
277 4149 364 4235 parti
388 4148 467 4214 dieti
494 4148 609 4213 decani
633 4168 731 4233 snper
754 4149 931 4233 praemissis
954 4156 988 4212 ct
1010 4150 1084 4213 aliis
1110 4151 1204 4215 vobis

153 4251 344 4335 objiciendis
380 4251 413 4314 in
442 4250 568 4333 judicio
603 4249 797 4334 responsuri,
822 4251 942 4316 facturi
975 4255 1009 4314 et
1041 4256 1203 4338 recepturi

153 4355 238 4439 quod
274 4352 409 4438 justitia
455 4351 616 4416 suadebit.
680 4351 802 4416 Citatis
842 4353 976 4437 insuper
1015 4354 1066 4418 vel
1106 4355 1202 4419 citari

152 4456 283 4521 faciatis
317 4454 532 4540 peremptorie
568 4453 725 4518 Thomam
750 4453 790 4517 dc
825 4454 941 4518 Dounc
976 4456 1203 4541 presbyterum

151 4558 365 4636 antedictum,
389 4558 445 4643 qui
482 4558 653 4643 praelatam
685 4557 852 4623 ecclesiam
896 4578 954 4644 per
988 4558 1201 4624 intrusionem
