3134 5544
423 749 592 801 anismam
613 752 787 802 mummia
811 753 983 803 rncnnnn.
1164 744 1230 812 807

172 962 194 1004 a
216 962 281 1024 qua
312 939 414 1005 etiam
446 961 506 1005 nos
540 940 718 1005 visitantes
749 941 947 1027 expulimus,
979 962 1037 1026 pro
1069 963 1107 1005 eo
1137 941 1225 1025 quod
1239 968 1345 1033 worm,-

173 1041 280 1125 ipeum
315 1041 350 1105 in
383 1042 496 1106 eadem
528 1062 658 1107 camera
689 1047 805 1107 contra
840 1043 935 1106 Beati
973 1043 1141 1107 Benedicti
1174 1064 1223 1106 re·
1238 1031 1290 1083 lisa.

169 1143 280 1226 gulam
315 1143 418 1208 vitam
460 1143 564 1230 egisse
597 1143 769 1220 carnalem,
806 1166 872 1209 nou
910 1144 980 1208 sine
1015 1143 1224 1229 proprietatis
1236 1113 1270 1228 fl
1279 1113 1301 1230 ff
1310 1118 1376 1232 ab

172 1246 262 1320 vitio,
278 1246 497 1330 comperimus
512 1245 683 1310 evidenter
696 1271 705 1322 ;
720 1245 907 1311 inhibentes
923 1246 1028 1310 eidem
1045 1246 1107 1310 sub
1121 1266 1222 1331 poena

171 1347 521 1414 excommunicationis
554 1347 694 1434 majoris,
719 1368 817 1433 quam
857 1349 892 1411 in
926 1349 1034 1433 ipsum
1073 1347 1219 1426 tulimus,

170 1451 197 1512 ai
237 1450 277 1514 de
327 1450 415 1516 facto
459 1450 662 1514 contrarium
709 1455 935 1534 attemptaret,
980 1471 1022 1513 ne
1068 1449 1103 1512 in
1148 1450 1220 1534 ipsa

169 1551 308 1616 ulterius
342 1555 556 1637 praesumeret
588 1550 745 1616 habitare.
793 1552 868 1636 Ipse
906 1555 1015 1615 autem
1051 1551 1138 1616 sicut
1168 1552 1221 1615 vir

168 1659 322 1740 apostata
344 1654 535 1719 cauteriatas
557 1654 775 1729 conscientiae,
798 1659 833 1718 et
856 1675 923 1718 non
948 1660 1016 1719 tam
1040 1652 1219 1718 monachus

169 1778 265 1840 quam
312 1755 531 1832 demoniacus,
580 1755 608 1818 si
646 1761 697 1818 est
734 1755 785 1818 ita
830 1761 870 1819 ut
907 1755 1002 1818 nobis
1053 1754 1219 1828 asseritur,

166 1864 280 1921 eontra
304 1856 534 1920 inhibitionem
571 1861 726 1932 nostram,
749 1878 815 1940 qua
839 1857 896 1919 vix
928 1862 1038 1940 posset
1061 1877 1129 1919 esse
1152 1855 1217 1919 dis-

169 1959 303 2033 trictior,
320 1981 394 2042 qum
411 1965 521 2022 tamen
538 1979 606 2022 arrae
622 1979 688 2021 nun
710 1957 832 2023 sufficit
847 1963 1010 2043 protervae
1026 1958 1216 2042 pertinaciae

169 2062 380 2137 refrenandae,
415 2084 448 2124 se
484 2061 519 2123 in
552 2061 688 2125 eandem
730 2061 866 2124 intrusit
893 2081 1054 2125 cameram
1086 2061 1215 2137 iterato,

166 2163 389 2228 anathematis
414 2162 546 2227 vinculo
578 2183 645 2226 non
668 2162 796 2226 veritus
830 2162 993 2241 innodari,
1017 2183 1077 2226 nee
1111 2162 1215 2226 scelus

166 2266 395 2330 inobedientiae
427 2285 655 2349 expavescens,
690 2265 777 2349 quod
811 2269 943 2348 peccato
981 2262 1142 2328 ariolandi
1182 2269 1216 2328 et

166 2365 383 2431 idololatrim¹
408 2366 442 2429 in
466 2366 566 2429 sacris
590 2365 729 2450 eloquiia
753 2371 970 2450 comparatur.
1018 2365 1087 2429 Nos
1112 2366 1215 2451 igitur

164 2468 353 2554 hujusmodi
387 2469 613 2553 e‹›utemptum
649 2466 747 2531 officii
779 2466 884 2530 nostri
917 2466 1043 2551 pariter
1074 2471 1107 2530 et
1140 2487 1213 2551 per·

164 2592 252 2635 sonae
290 2592 357 2634 non
395 2568 586 2633 dubitantes
634 2568 670 2631 in
717 2567 780 2632 Dei
821 2567 980 2652 injuriam
1019 2567 1212 2644 redundare,

166 2673 257 2736 vohis
274 2671 479 2747 mandamus,
506 2671 541 2733 in
564 2671 690 2733 virtute
714 2669 913 2734 obedientiae
936 2670 1077 2733 tirmiter
1100 2669 1211 2755 injun-

162 2781 284 2861 gentes,
302 2780 475 2859 quatenuS,
490 2773 577 2837 sicut
599 2795 620 2835 a
642 2772 729 2836 tanti
753 2770 910 2836 facinoris
935 2771 1038 2835 vultis
1061 2773 1210 2837 excusari

162 2876 282 2950 favore,
306 2876 430 2941 dietum
465 2873 692 2949 Valentinum,
716 2894 812 2958 (praem
842 2872 943 2957 juxta
979 2873 1073 2937 Beati
1107 2873 1209 2938 Bene-

161 2977 239 3041 dicti
266 2977 422 3063 rcgnlam,
446 2975 472 3038 si
497 2980 548 3039 est
572 2974 629 3049 ita,
653 2996 761 3060 poenae
794 2972 1074 3039 substernendum
1099 2973 1209 3039 ‹lecer-

161 3080 270 3143 nimus
303 3078 456 3165 graviori,
480 3077 612 3142 faciatis
644 3098 664 3140 a
695 3077 925 3140 communione
949 3083 1148 3162 separatum,
1172 3085 1210 3141 ut

161 3181 273 3267 regula
310 3181 404 3246 docet
442 3181 477 3242 in
517 3178 649 3257 talibus,
687 3178 730 3241 ab
768 3177 858 3241 omni
898 3200 1092 3263 suspensum
1131 3184 1208 3243 actu

160 3284 316 3371 legitimo,
348 3285 391 3349 ah
425 3283 577 3348 omnibus
609 3281 733 3346 arctius
765 3280 894 3358 evitari,
932 3282 1035 3346 donec
1073 3282 1114 3345 ad
1154 3304 1208 3347 cor

159 3387 287 3451 rediens
310 3387 380 3452 Deo
403 3395 438 3450 et
460 3384 557 3450 nobis
580 3383 779 3448 satisfecerit
801 3383 842 3446 de
877 3388 1080 3469 contemptu,
1107 3391 1208 3469 prout

159 3488 460 3553 excommunicatos
505 3484 844 3550 excommunicatione
894 3485 1087 3564 monastica,
1133 3507 1207 3569 quae

159 3590 266 3655 minor
297 3602 346 3654 est
376 3610 476 3674 quam
510 3586 736 3661 ecclesiastica,
763 3587 832 3670 [ut]
865 3585 961 3650 docet
983 3586 1104 3672 regula,
1141 3609 1208 3650 una

155 3716 229 3758 cum
247 3691 384 3779 flagellis
406 3690 481 3756 aliis
504 3689 671 3774 castigare.
718 3687 781 3752 Pro
802 3693 890 3753 carto
914 3689 1030 3754 scituri
1054 3688 1143 3773 quod
1178 3689 1204 3751 si

157 3796 321 3860 1·emissius
352 3793 485 3881 egeritis
507 3792 543 3855 in
574 3791 635 3856 hac
669 3800 771 3877 parte,
803 3789 998 3855 nouaclum
1024 3790 1204 3855 Dominum

155 3897 262 3962 Deum
298 3903 457 3975 nostrum,
493 3915 609 3958 verum
648 3892 749 3956 ctiam
783 3913 841 3956 nos
881 3892 1029 3975 ejusdem
1069 3891 1203 3957 Domini

155 4022 285 4064 seruum
321 3997 479 4062 humilem
518 3995 667 4083 graviter
702 3993 886 4068 offendetis,
925 3994 1019 4079 quasi
1059 3995 1202 4079 primum

154 4101 349 4166 olierlientire
364 4100 480 4185 jugum
496 4120 517 4162 a
539 4101 653 4162 nostra
675 4095 873 4160 auctoritate
894 4095 1029 4159 veniens
1045 4095 1203 4179 repellen-

153 4212 208 4269 tea
256 4204 378 4267 Omnes
391 4206 503 4266 autem
527 4199 584 4285 qui
609 4199 697 4262 dicto
720 4196 860 4261 facinori
885 4197 1102 4281 praestiterint
1125 4220 1202 4263 con·

152 4306 273 4384 silium,
296 4303 469 4377 auxilinm,
500 4300 554 4365 vel
586 4299 744 4373 favorem,
767 4297 795 4360 si
834 4297 1033 4382 poenitentes
1068 4321 1121 4364 eos
1153 4300 1201 4362 in-

153 4409 318 4482 veneritis,
343 4428 442 4492 pruna
463 4401 641 4468 arbitraria
663 4400 811 4486 puniatis
834 4405 972 4485 excepta
995 4398 1201 4464 absolutione

149 4562 233 4572 —-——
241 4563 468 4573 -————-
836 4558 894 4564 --—--
900 4557 1062 4565 ⁶—ss
1074 4558 1194 4566 ..η-.-

451 4644 455 4674 ·
472 4642 632 4701 sanatam
647 4641 769 4707 ‚antae
782 4640 808 4690 n
824 4641 896 4692 uss.
