3134 5544
388 732 557 781 srnsronn
578 732 753 781 sensuris
776 720 958 784 rnennsu.'
1142 719 1205 785 901

153 902 258 989 igitur
295 906 482 991 hujusmodi
529 907 679 972 homines
723 909 793 972 sint
836 908 873 972 in
912 910 1053 974 veritate
1091 908 1206 981 futuri,

152 1019 297 1086 Domino
327 1023 552 1108 permittente,
579 1028 696 1087 caveat
729 1023 792 1087 sibi
826 1024 970 1109 quilibet
1005 1047 1046 1088 ne
1081 1025 1204 1089 formos

153 1120 343 1208 hujusmodi
374 1125 555 1191 seeundum
578 1124 707 1209 aliquid
733 1126 937 1212 participans
965 1127 1054 1192 inter
1089 1127 1205 1212 primi-

154 1223 218 1287 tias
249 1224 368 1290 talium
400 1230 583 1311 reputetur.
632 1224 688 1289 An
710 1246 779 1290 non
802 1232 853 1292 est
876 1226 1092 1292 multiformis
1115 1227 1203 1313 plus·

154 1346 253 1410 quam
281 1326 442 1393 Protheus
475 1332 609 1392 mutans
645 1326 787 1407 vultum,
820 1334 854 1393 et
886 1328 1005 1393 similis
1035 1329 1204 1406 adulterio,

155 1448 228 1511 (pun
273 1433 405 1515 tergens
451 1451 487 1494 os
531 1450 629 1494 suurn
666 1428 758 1506 dicit,
805 1428 911 1494 “Non
956 1452 1030 1495 sum
1068 1435 1205 1517 operata

154 1538 171 1562 “
194 1529 358 1606 malum,'‘¹
381 1531 439 1617 qui
454 1532 491 1595 in
505 1530 571 1595 fine
586 1528 657 1594 folii
673 1531 855 1617 supradicti
879 1531 961 1597 dicit
973 1553 1008 1597 so
1031 1538 1204 1617 peter-nam

154 1632 296 1716 gratiam
316 1633 351 1696 in
374 1632 538 1719 patientia
554 1638 588 1698 et
605 1632 738 1697 silentio
754 1638 936 1718 expectare,
951 1654 1048 1719 quem
1071 1633 1108 1697 in
1123 1655 1205 1719 prse-

155 1732 347 1798 cedentibus
376 1734 528 1800 mendaci
554 1733 688 1821 genula
709 1734 802 1798 nisus
825 1740 876 1800 est
908 1733 997 1799 fama
1028 1734 1147 1800 laedere
1170 1739 1205 1800 et

154 1834 265 1899 animo
287 1840 490 1921 provocaret
520 1834 684 1900 Praeterea
707 1834 840 1900 noverit
863 1835 933 1921 ipse
949 1837 1037 1921 quod
1061 1835 1205 1922 philoso-

155 1934 295 2018 phorum
318 1937 431 2002 studia
453 1935 589 2002 minime
612 1936 834 2023 reprobamus,
859 1942 1023 2021 quatenus
1046 1938 1204 2002 misteriis

154 2035 346 2124 theologicis
363 2039 588 2117 famulantur;
609 2038 667 2103 sed
689 2037 877 2124 prophanas
892 2061 1010 2105 vocum
1030 2040 1206 2116 novitates,

155 2160 228 2224 quse
265 2146 382 2205 contra
420 2139 679 2226 philosophicam
717 2140 893 2204 veritatem
932 2146 1012 2206 sunt
1044 2141 1079 2204 in
1112 2163 1205 2208 senc—

156 2246 266 2306 torum
304 2243 462 2327 injuriam
501 2243 586 2309 eitra
622 2240 747 2328 viginti
795 2263 901 2307 annos
942 2243 978 2307 in
1008 2243 1205 2310 altitudines

154 2343 353 2431 theologicas
375 2345 580 2420 introductas,
603 2344 741 2429 abjectis
763 2349 797 2409 et
821 2344 992 2430 vilipensis
1016 2352 1205 2412 sanctorum

152 2448 388 2513 assertionibus
407 2449 585 2514 evidenter.
618 2447 700 2528 Quae
723 2447 768 2512 sit
791 2466 867 2533 ergo
888 2448 1023 2513 solidior
1042 2459 1076 2514 et
1097 2450 1206 2514 sanior

154 2550 311 2627 doctrina,
334 2551 387 2617 vel
412 2551 555 2616 filiorum
591 2550 686 2615 Beati
721 2550 896 2627 Francisei‚
921 2557 1045 2616 sanctso
1080 2552 1206 2617 seilicet

156 2653 321 2718 memoriae
358 2653 470 2719 fratris
505 2652 698 2728 Alexandri,
735 2672 773 2718 ac
811 2651 924 2717 fratris
963 2653 1206 2719 Beneventurae

156 2760 191 2818 et
234 2755 466 2832 consimilium,
505 2754 564 2841 qui
603 2754 638 2818 in
676 2753 746 2818 suis
788 2755 987 2820 tractatibus
1033 2756 1076 2820 ab
1114 2756 1206 2820 omni

155 2856 322 2920 calumnia
344 2856 462 2921 alienis
484 2855 607 2921 sanetis
630 2860 665 2920 et
687 2854 892 2942 philosophis
914 2857 1126 2936 innituntur3
1149 2857 1203 2922 vel

156 2957 213 3021 ille
234 2958 367 3024 novella
389 2959 483 3044 quasi
517 2963 590 3023 tota
611 2958 785 3036 contraria,
809 2978 883 3042 quoe
915 2958 1074 3044 quicquid
1109 2959 1204 3024 doeet

155 3062 363 3147 Augustinus
386 3061 427 3125 de
459 3060 581 3147 regulis
610 3060 743 3124 aeternis
767 3065 802 3124 et
834 3059 907 3124 luce
931 3059 1206 3136 incommutabili,

155 3163 195 3227 de
219 3164 377 3249 potentiis
407 3163 536 3241 animm,
560 3160 600 3225 de
623 3161 808 3226 rationibus
840 3161 1055 3227 seminalibus
1089 3162 1207 3225 inditis

156 3266 303 3330 materis¹
319 3272 353 3329 et
376 3263 600 3331 consimilibus
623 3263 815 3341 innumeris,
831 3264 981 3329 destruat
1003 3286 1063 3349 pro
1079 3264 1207 3328 viribus

156 3373 190 3431 et
219 3372 357 3432 enervat
396 3388 523 3452 pugnas
560 3365 736 3430 verborum
774 3365 920 3431 inferens
958 3366 1022 3430 toti
1060 3365 1207 3429 mundo?

157 3466 302 3531 Videant
335 3468 466 3553 antiqui
500 3468 535 3530 in
570 3467 692 3552 quibus
727 3472 779 3531 est
810 3467 985 3552 sapientia,
1020 3466 1135 3530 videat
1174 3473 1209 3530 et

155 3569 299 3654 corrigat
321 3568 413 3634 Deus
436 3569 520 3634 eruli.
567 3568 727 3633 Zizannia
761 3591 821 3633 nos
856 3568 1070 3653 impudenter
1091 3568 1209 3632 asserit

156 3672 340 3747 seminasse,
364 3693 439 3738 eum
462 3694 523 3735 nos
544 3672 581 3735 in
603 3672 665 3738 huc
687 3678 782 3759 parte
814 3671 977 3757 potissimi
1000 3671 1209 3735 seminatoris

155 3774 206 3837 sui
239 3773 483 3859 predecessoris
517 3775 621 3839 nostri
652 3774 882 3840 tantummodo
914 3773 1040 3837 semina
1073 3794 1209 3838 renove-

157 3896 239 3951 mus,
263 3882 301 3939 ut
323 3876 585 3962 superseminata
607 3877 758 3942 zizsnnia
791 3883 979 3941 sanctorum
1006 3875 1118 3940 tritico
1136 3877 1208 3961 jam

156 3978 200 4043 ad
224 3999 362 4043 messem
396 3984 514 4063 parata
536 3978 619 4043 falce
642 3978 863 4044 ecclesiastica
895 3978 930 4041 in
965 4000 1046 4064 agro
1085 3984 1208 4043 nostrae

156 4078 370 4144 sollicitudini
394 4081 529 4155 credito,
544 4087 758 4145 concurrente
780 4081 946 4144 industria
968 4080 1208 4165 sapientiorum

157 4179 407 4247 Cantuariensis
430 4184 609 4269 provinciae
631 4203 821 4260 messorum,
845 4189 884 4246 ut
908 4203 1083 4267 possumus
1106 4183 1209 4246 extir-

155 4304 280 4368 pemus.
327 4284 372 4348 Et
404 4285 534 4349 utinam
569 4284 631 4349 Ille
665 4285 702 4348 in
735 4285 830 4368 cujus
863 4305 965 4347 rnanu
999 4283 1098 4348 corda
1129 4290 1208 4347 sunt

156 4406 280 4474 regum,
296 4409 425 4452 summo
440 4388 590 4473 pontifici
613 4393 762 4472 parasset
777 4386 919 4451 vocandi
944 4387 1100 4472 spatium,
1116 4393 1151 4451 et
1174 4386 1210 4450 in

155 4536 335 4549 ——--.
879 4537 1047 4545 ——-.
1059 4538 1204 4550 *—

558 4631 566 4663 ¹
584 4632 659 4681 l'mr.
671 4646 737 4681 xxx.
750 4636 791 4680 20.

1018 4745 1076 4807 12
