3134 5544
387 701 560 752 tarsicam
583 701 767 751 conrasas
790 699 966 751 rrcvaan.
1134 684 1200 748 823

593 1019 751 1085 DXCIII.

517 1186 688 1248 Bannarv
711 1183 842 1250 ΑΒΒΕΥ.
1318 1266 1325 1280 α

199 1352 312 1416 Frater
334 1351 536 1435 J[ohannes]
559 1349 773 1435 permissione
797 1349 915 1413 divina
948 1297 1350 1440 Cantuariensisridjinsdph

152 1454 295 1519 ecclesiae
311 1453 462 1518 minister
485 1451 628 1528 humilis,
645 1451 751 1516 totius
767 1451 899 1537 Angliae
921 1451 1053 1537 primas,
1069 1449 1198 1514 dilectis
1212 1440 1358 1558 {mam

152 1554 230 1618 filiis
263 1554 379 1619 abbati
414 1559 448 1617 et
482 1553 663 1619 conventui
696 1552 736 1616 de
770 1553 971 1637 Bardcneye‚
1006 1552 1131 1616 ordinis
1166 1549 1198 1615 S.
1212 1544 1277 1624 Α’,ιζ
1292 1533 1367 1622 Μ’

153 1655 333 1729 Benedicti,
359 1654 598 1720 Lincolniensis
634 1653 792 1729 dioecesis
817 1653 967 1730 salutem,
990 1654 1132 1739 gratiam
1166 1658 1200 1716 ct

153 1757 423 1821 benedictionem.
480 1755 530 1819 Ut
564 1755 657 1819 labor
682 1754 887 1818 visitationis
921 1761 1042 1819 nostrae
1077 1760 1196 1818 metro-

153 1859 295 1945 politica»
311 1857 457 1921 fructum
483 1858 518 1920 in
542 1856 646 1933 vobis,
670 1855 730 1920 lilii
754 1857 923 1932 carissimi,
940 1857 1048 1941 pariat
1070 1876 1198 1941 perma-

153 1966 295 2033 nentem,
318 1979 338 2023 a
360 1965 403 2034 te,
427 1958 474 2021 fili
506 1957 600 2033 abba,
624 1957 807 2043 disciplinae
842 1960 1004 2021 sumimus
1027 1956 1200 2021 exordium

154 2063 262 2126 intuo
285 2060 421 2146 collegio
444 2061 642 2146 reparandae,
660 2059 807 2125 volentes
831 2065 868 2123 ut
892 2065 930 2123 tu
955 2059 1045 2122 ultra
1066 2059 1201 2123 modurn

155 2162 427 2249 praedecessorum
462 2167 596 2226 tuorum
630 2161 905 2225 communitatem
940 2160 1040 2236 chori,
1063 2157 1201 2244 capituli

155 2272 189 2329 et
213 2264 379 2329 refectorii
403 2262 539 2328 studeas
555 2262 786 2348 frequentare3
808 2269 847 2326 ut
870 2263 1026 2326 videlicet
1049 2261 1202 2346 quotiens

158 2388 224 2431 non
247 2365 435 2451 impedieris
469 2363 639 2429 laboribus
662 2371 722 2428 aut
755 2365 901 2449 negotiis
925 2363 979 2428 vel
1014 2362 1201 2449 hospitibus

154 2467 348 2542 reverendis,
372 2471 520 2531 cessante
555 2465 781 2549 inaequalitate
817 2466 968 2552 corporis,
992 2464 1202 2551 praesentiam

155 2579 247 2636 tuam
285 2569 499 2654 completorio
537 2567 695 2632 exhibeas
726 2574 761 2632 et
795 2569 897 2632 etiam
938 2568 1114 2632 matutine.
1161 2566 1202 2630 In

154 2672 327 2739 refectorio
351 2672 495 2757 insuper,
518 2669 685 2755 praedictis
701 2675 844 2754 quatuor
859 2669 967 2735 causis
989 2669 1203 2742 cessantibus,

154 2776 305 2844 comedas
329 2774 447 2839 diebus
469 2773 645 2838 dominicis
679 2779 714 2836 ct
748 2772 885 2849 festivis,
909 2779 944 2837 et
966 2773 1084 2837 diebus
1107 2772 1201 2836 feria-

154 2880 241 2944 libus
264 2876 353 2942 omni
379 2875 561 2939 ebdomada
593 2874 709 2938 saltem
734 2875 842 2950 sernel,
866 2896 925 2939 nec
952 2873 1204 2939 commensalem

155 2989 187 3046 te
223 2978 383 3044 exhibeas
418 2975 556 3041 cuilibet
589 2975 797 3054 adventanti,
820 2997 862 3039 ne
894 2977 1016 3061 gradus
1050 2982 1128 3039 tuus
1163 2997 1203 3039 ex

153 3081 383 3149 communione
413 3099 487 3143 cum
523 3077 659 3141 minoris
694 3079 888 3142 reverentia>
920 3078 1068 3163 personis
1090 3078 1205 3141 veniat

156 3186 193 3248 in
215 3186 455 3266 contemptum,
480 3178 532 3244 vel
557 3178 695 3244 vilescat
727 3200 768 3242 ex
796 3178 916 3243 vilibus
939 3178 1204 3255 convivantibus,

155 3285 235 3372 quia
281 3304 321 3347 ex
373 3280 526 3347 convictu
584 3301 692 3344 mores
739 3280 878 3364 capiunt
939 3280 1001 3345 sibi
1044 3281 1205 3362 formam;

157 3407 278 3452 cavens
317 3384 452 3469 insuper
490 3405 531 3446 ne
569 3405 629 3468 pro
667 3382 837 3467 aliquibus
870 3383 1057 3470 hospitibus
1091 3406 1205 3451 carnes

155 3486 306 3553 comedas
344 3484 398 3548 vel
437 3484 520 3548 lilios
561 3489 636 3547 tuus
673 3484 843 3549 comedere
881 3487 1052 3564 sustineas,
1091 3493 1206 3552 contra

155 3589 260 3654 sancti
285 3587 430 3674 regulam
464 3587 636 3651 Benedicti
660 3593 693 3650 et
728 3587 890 3672 majorum
913 3595 1109 3666 nostrorum,
1132 3612 1207 3675 quae

158 3702 192 3756 te
215 3691 318 3756 latere
341 3711 408 3754 non
431 3689 605 3764 credimus,
631 3689 797 3754 instituta.
845 3690 1008 3756 Praeterea
1031 3696 1109 3778 quia
1132 3716 1205 3780 pro·

158 3793 312 3881 prietatis
336 3792 458 3855 vitium
483 3798 535 3855 est
557 3791 713 3876 religioso
744 3792 948 3856 contrarium
980 3792 1206 3871 fundamento,

157 3905 196 3960 ut
229 3896 338 3981 ipsum
362 3915 383 3958 a
404 3893 500 3958 vobis
535 3900 697 3979 perpetuo
720 3894 941 3976 excludamus,
966 3901 1144 3965 statuimus
1167 3909 1207 3967 ut

158 3998 224 4063 duo
247 3997 415 4082 eligantur
438 3994 590 4060 monachi
627 3993 667 4059 de
701 4001 813 4060 vestro
847 3997 983 4083 collegio
1019 4001 1148 4085 providi
1172 4009 1207 4069 et

156 4101 287 4190 probati
312 4122 370 4187 per
404 4105 505 4173 tuain,
529 4099 624 4173 abba,
650 4099 849 4165 industriam
882 4108 916 4166 et
950 4111 1140 4184 conventus,
1165 4107 1206 4173 de

156 4206 250 4290 eujus
272 4203 409 4270 consilio
432 4202 534 4267 abbas
570 4208 704 4267 tenetur
726 4224 767 4266 ex
803 4204 918 4289 regula
949 4208 1060 4272 omnia
1082 4210 1208 4295 majora

161 4309 296 4395 negotia
332 4305 473 4370 interius
511 4313 546 4368 et
583 4305 732 4368 exterius
778 4306 938 4371 ordinare.
1001 4308 1090 4388 Quos
1128 4312 1210 4377 duos

160 4408 336 4475 monachos
368 4405 593 4472 thesaurarios
616 4406 770 4470 volumus
805 4408 975 4493 appellari,
997 4410 1039 4474 ad
1070 4433 1208 4497 quorum

163 4509 346 4577 custodiam
370 4514 442 4573 tota
466 4506 583 4571 domus
608 4509 753 4593 pecunia
777 4509 994 4595 undecunque
1018 4515 1212 4597 proveniens
