3134 5544
181 578 247 644 830
425 594 593 643 srrsroun
616 595 790 644 sosarnus
812 596 989 647 recussu.

180 779 310 844 fueritis
349 780 486 845 executi.
547 780 691 845 Tantum
731 780 835 865 igitur
871 784 1035 850 studeatis
1073 785 1182 852 facere
1201 787 1237 852 in

181 880 358 965 praemissis
392 881 480 964 quod
518 880 599 946 dicti
634 882 772 945 rectoris
806 881 920 949 debita
951 886 1130 974 castigatio
1159 887 1253 953 hor-.

148 1062 151 1066 Δ
181 1002 287 1045 rorem
322 982 466 1045 incutiet
497 981 669 1058 similibus,
694 987 729 1045 et
751 982 893 1049 aedificet
930 987 1013 1051 alios
1044 1008 1129 1072 quoa
1163 990 1234 1074 ejus

182 1082 341 1167 spurcitia
372 1083 582 1160 scandalizat,
605 1105 730 1168 uosque
770 1105 812 1147 ex
845 1085 967 1152 iterata
1000 1090 1136 1173 querela
1166 1110 1233 1156 non

179 1205 333 1270 cogamur
364 1185 449 1249 circa
480 1184 541 1250 hoc
575 1206 693 1249 manus
724 1206 889 1270 apponere
927 1193 1145 1270 correctrices,
1176 1194 1233 1278 qui

178 1284 392 1371 proculdubio
426 1285 616 1370 hujusmodi
654 1286 852 1373 conflagita¹
884 1290 920 1353 in
958 1292 1088 1358 clericis
1125 1293 1232 1359 horri-

178 1386 289 1450 biliter
324 1387 534 1454 detestemur.
591 1387 740 1452 Scientes
779 1391 867 1473 quod
905 1392 934 1456 si
972 1394 1084 1459 minus
1121 1395 1233 1462 debito

178 1487 320 1552 feceritis
344 1488 428 1552 cirea
459 1489 530 1572 ejus
564 1490 809 1566 correctionem,
840 1491 922 1556 alias
955 1493 1115 1560 faciemus
1145 1498 1232 1582 quod

178 1588 278 1653 iidem
303 1590 402 1675 legati
429 1589 523 1653 Sedis
545 1591 734 1677 apostolicae
758 1597 959 1660 statuerunt.
1007 1597 1097 1676 Quid
1120 1604 1231 1665 autem

177 1689 321 1755 feceritis
344 1691 379 1753 in
403 1692 577 1775 praemissis
600 1692 694 1755 nobis
718 1692 801 1757 citra
823 1693 946 1760 festum
962 1696 1078 1764 Sancti
1096 1698 1232 1766 Martini

178 1792 319 1858 fideliter
341 1793 494 1858 intimare
527 1795 648 1858 curetis
680 1815 738 1878 per
772 1800 899 1861 vestras
931 1795 1087 1883 patentes
1120 1801 1231 1867 literas

177 1893 294 1957 harum
329 1893 444 1956 seriem
476 1894 693 1959 continentes.
739 1894 866 1960 Datum
899 1899 990 1985 apud
1025 1900 1230 1969 Newcnham

173 1994 275 2079 juxta
298 1993 470 2070 Bedeford,
494 1994 542 2059 Id.
567 1994 742 2063 Octobris.²

614 2320 786 2386 DXCVII.

419 2463 469 2525 To
496 2462 636 2526 Maurus
661 2478 719 2526 rns
743 2461 980 2530 Couurssanr.

34 2600 137 2719 &gt-tl
223 2605 338 2669 Frater
362 2601 540 2678 Johaunes,
563 2607 633 2678 etc,
656 2599 776 2666 dilecto
800 2601 869 2666 filio
892 2603 1053 2688 magistro
1084 2602 1227 2669 Mar-tino

6 2703 135 2783 Dairoe'
175 2707 401 2775 commissario
436 2727 495 2769 suo
519 2704 766 2781 Cautuariensi,
798 2706 951 2782 salutern,
975 2712 1037 2772 etc.
1084 2707 1136 2773 Ut
1158 2729 1225 2773 om-

5 2799 152 2877 himmas
175 2811 233 2876 nia
264 2831 337 2894 quae
375 2829 434 2893 per
465 2812 595 2872 nostros
638 2806 789 2870 subditos
826 2807 1052 2892 disponuntur
1084 2808 1121 2872 in
1156 2809 1226 2874 luce

6 2873 116 2982 mi„
174 2912 344 2997 prodeant,
367 2915 401 2973 et
424 2908 576 2972 veritatis
599 2907 789 2971 testimonio
810 2907 1001 2983 fulciantur,
1018 2908 1172 2973 volumus
1194 2914 1228 2974 et

6 2995 133 3113 fflffle
174 3012 368 3076 mandemus
391 3017 430 3073 ut
477 3062 482 3074 .
528 3059 534 3071 .
583 3061 588 3071 .
636 3009 759 3071 decano
783 3007 823 3070 de
852 3007 1033 3071 Schorharn
1058 3029 1162 3071 unum
1185 3031 1225 3073 ex

5 3129 144 3206 §bonham
173 3121 266 3201 parte
300 3120 413 3176 nostra
446 3112 600 3174 clericum
636 3111 819 3194 assignetis,
844 3131 942 3193 quern
967 3109 1061 3172 vobis
1086 3110 1225 3174 dilectus

5 3194 108 3320 ἔξᾱῗξίι]
173 3218 208 3279 in
248 3215 379 3280 Christo
418 3213 505 3274 tilius
544 3212 699 3295 magister
740 3211 904 3274 Henricus
944 3211 1044 3274 Lovel
1083 3213 1126 3276 ad
1165 3212 1225 3277 hoc

5 3325 141 3378 fonctions.
174 3320 326 3383 idoneum
351 3316 484 3378 duxerit
508 3313 753 3387 nominandum,
771 3314 827 3395 qui
845 3314 889 3374 sit
905 3313 1053 3375 conscius
1076 3315 1223 3376 omnium

2 3416 34 3465 R.
48 3417 134 3470 ΜΗ·
174 3440 384 3506 processuum
408 3423 442 3480 et
465 3416 701 3479 correctionum
719 3434 801 3496 quos
818 3413 996 3497 praedictus
1020 3414 1166 3478 decenus
1189 3416 1224 3478 iu

135 3547 138 3552 ’
173 3543 232 3586 suo
256 3522 403 3584 decetero
421 3518 517 3582 iaciat
536 3516 708 3578 decanatu.
756 3514 800 3576 Et
828 3515 855 3575 si
880 3536 961 3598 quos
984 3516 1019 3576 in
1044 3515 1106 3579 hac
1128 3521 1223 3600 parte

174 3623 430 3690 contradictores
462 3618 657 3682 invencritis
680 3624 740 3680 aut
764 3615 911 3690 rebelles,
936 3639 990 3681 eos
1021 3619 1223 3682 auctoritate

172 3723 382 3811 praesentium
422 3719 641 3803 compescatis.
697 3716 738 3781 In
777 3716 871 3799 cujus
906 3717 953 3780 rei
993 3718 1222 3782 testimonium

170 3826 315 3911 sigillum
350 3829 496 3885 nostrum
531 3819 745 3903 praesentibus
784 3817 942 3879 duximus
980 3818 1223 3902 opponendum.

174 3931 299 3994 Datum
323 3924 520 3997 Dorkccstr’,
544 3923 612 3985 viii.
636 3922 701 3984 kal.
728 3920 935 3995 Novembris,
959 3942 1047 3984 anno
1071 3928 1130 3986 etc

205 4131 212 4162 ¹
234 4128 384 4192 confluens]
401 4126 436 4175 sic
448 4126 474 4173 in
487 4125 544 4174 MS.
720 4135 788 4168 error
799 4121 920 4182 probably
932 4135 1018 4169 means
1031 4121 1086 4168 that
1098 4121 1118 4167 it
1130 4119 1222 4171 should

216 4207 299 4255 2Ἦιο
329 4204 456 4268 following
486 4211 544 4251 note
569 4201 590 4249 is
608 4200 673 4248 writ-
719 4200 784 4247 have
796 4200 859 4247 been
872 4201 976 4247 entered
988 4215 1082 4265 among
1097 4205 1113 4226 “
1123 4199 1218 4249 Literae

182 4299 224 4336 ten
260 4286 285 4333 in
317 4285 359 4332 tlrc
390 4282 505 4345 margin:
529 4309 561 4317 -
583 4281 672 4327 “Duo.
719 4284 734 4305 “
752 4278 1218 4340 episcoporum,’'not“Litemeom.

176 4372 193 4394 ‘⁸
220 4366 310 4428 Elycu.
323 4370 409 4411 contra
421 4368 542 4408 rectorem
554 4359 585 4406 do
594 4358 674 4406 Eltes·
719 4362 733 4384 “
751 4357 862 4404 munes.'’

172 4450 188 4472 “
210 4441 304 4493 rouhio
311 4458 356 4505 prr
369 4455 470 4487 errorem
482 4437 600 4498 scripta.”
620 4435 673 4483 The
