3134 5544
185 634 250 695 842
434 640 608 690 telsion
630 638 816 687 eomsls
839 634 1028 685 Premit.

186 838 269 885 nius.
291 836 312 877 a
346 814 497 899 personis
530 809 717 874 autenticis
751 810 788 871 in
821 806 930 871 variis
966 802 1091 868 mundi
1114 800 1275 889 partibus

187 916 375 979 solemniter
418 911 598 999 reprobari,
630 932 693 975 uec
730 931 808 973 earn
844 908 1017 973 credimus
1053 927 1076 970 a
1109 904 1276 989 religiosis

188 1018 335 1101 personis
357 1015 414 1079 sed
437 1013 654 1079 seculuibus
689 1010 898 1096 quibusdam
932 1010 1075 1073 duxisse
1098 1006 1276 1091 originem,

188 1116 283 1199 eujus
305 1116 371 1179 elno
406 1115 566 1199 precipui
589 1112 784 1177 clel'ensores
808 1110 865 1175 vel
889 1109 1039 1175 forsitan
1075 1109 1276 1171 inventores

190 1218 424 1281 miserabiliter
439 1216 600 1280 dicuntur
623 1214 829 1279 conclusisse
852 1213 927 1277 dies
949 1232 1031 1275 suos
1055 1211 1095 1273 in
1118 1208 1277 1295 partibus

193 1316 416 1401 transalpinis,
439 1337 517 1379 cunr
553 1322 669 1377 tamen
702 1335 774 1378 non
808 1320 926 1377 essent
959 1311 1003 1375 de
1026 1310 1097 1375 illis
1121 1306 1279 1395 partibus

193 1418 333 1483 oriundi.
383 1416 452 1479 Nos
475 1416 580 1499 igitur
595 1415 655 1499 qui
672 1416 709 1478 in
733 1414 802 1479 hiis
824 1414 1053 1500 prooessimus
1069 1414 1279 1483 innoeenier,

195 1518 281 1582 sicut
320 1516 474 1579 relnrnus
512 1538 622 1581 eoram
665 1516 738 1581 Deo
778 1524 814 1579 et
853 1515 948 1580 omni
988 1514 1141 1590 homine,
1174 1513 1280 1578 etim

196 1638 325 1681 srrnnuo
348 1618 514 1701 pnntiticc,
537 1616 565 1679 si
588 1623 754 1701 oporteat,
794 1617 1008 1703 respondere,
1043 1615 1186 1679 illorum
1220 1634 1282 1678 au·

199 1718 271 1783 claci
308 1717 447 1781 nriserire
479 1728 514 1781 et
549 1718 735 1783 miserabili
770 1719 927 1783 audaeiae
961 1717 1197 1793 condolemus,
1221 1715 1281 1800 qui

200 1826 315 1886 coutra
329 1820 565 1883 arroteritatern
581 1818 845 1885 ecclesiasticam
861 1840 898 1883 se
908 1820 1139 1905 jactaverunt
1162 1838 1282 1903 nuper,

203 1926 241 1983 ut
266 1920 397 1987 dieitur,
421 1918 614 2001 iurjusrnodi
653 1920 835 1984 ‹ianiuatos
869 1920 1036 1984 articulos
1072 1919 1284 1991 defensuros,

202 2042 303 2107 supra
326 2020 446 2084 unrita
468 2021 646 2105 sapientiae
677 2021 744 2084 sibi
780 2022 870 2086 datae
903 2019 1084 2086 ambulare
1118 2022 1157 2085 in
1181 2021 1284 2084 mira·

205 2120 326 2185 bilibus
357 2120 548 2205 gestientes.
571 2132 606 2185 et
641 2120 770 2183 lauram
805 2130 958 2185 nostram
992 2121 1120 2186 hedera
1144 2120 1287 2185 menda·

204 2222 286 2288 ehu
308 2227 387 2285 sunt
409 2221 529 2287 cantati,
554 2241 620 2285 nou
646 2228 802 2284 verentes
817 2222 1186 2288 excommnuicationis
1209 2242 1285 2287 sen-

206 2324 356 2391 tentiani,
393 2344 459 2405 epira
496 2322 723 2386 eliliarnatnrcs
773 2321 970 2407 hujusmodi
1009 2346 1055 2388 ex
1094 2323 1287 2389 Oxoniensi

208 2424 356 2491 (torrento
378 2432 457 2487 sient
490 2423 593 2509 ligati.
643 2424 767 2488 i'erurn
803 2446 846 2489 ne
879 2427 1080 2490 mercenarii
1103 2447 1199 2492 more
1235 2427 1287 2488 vi-

210 2526 346 2591 deantur
367 2523 507 2589 deiicere
530 2525 667 2588 veritati
703 2532 739 2589 et
772 2526 818 2589 ab
853 2526 1118 2591 imminentibus
1140 2527 1288 2593 rictibus

211 2626 387 2711 trepidare,
402 2646 576 2691 ruunernus
592 2647 653 2691 vers
674 2648 791 2692 ornnes
814 2635 850 2693 et
872 2629 1029 2715 singulos
1051 2629 1290 2716 cujuscunque

214 2724 428 2813 professionis
459 2732 521 2791 aut
553 2727 688 2812 gracilis,
712 2728 810 2792 vobis
834 2729 1063 2794 nihilominus
1086 2732 1126 2795 in
1154 2731 1291 2796 virtute

215 2826 412 2893 obedientias
434 2828 498 2891 siri»
513 2848 613 2913 persua
628 2829 798 2895 canonica
814 2830 1040 2897 districtionis
1054 2832 1291 2919 praecipiendo

217 2926 422 2997 mandantes,
444 2947 484 2991 ne.
517 2928 592 3013 quis
616 2938 767 2994 vest-runi
790 2930 937 3015 aliquem
974 2933 1017 2998 de
1040 2934 1091 2999 sie
1114 2934 1291 3001 damnatis

219 3028 366 3095 articulis
404 3028 487 3092 clani
522 3030 574 3092 vel
615 3031 726 3114 palanr
762 3032 907 3097 scienter
941 3034 1068 3098 audeat
1103 3036 1291 3112 defensare,

221 3132 323 3195 «lance.
358 3132 392 3193 in
428 3130 534 3193 lerina
567 3132 728 3215 predicta
763 3135 815 3196 vel
851 3156 910 3219 per
940 3138 1132 3220 superiores
1156 3146 1291 3203 nostros

222 3240 380 3319 apparent
403 3254 445 3295 an
482 3233 626 3316 ipserum
659 3234 783 3317 aliquis
821 3237 932 3300 valeat
957 3238 1183 3322 probabiliter
1205 3240 1291 3305 tole·

226 3336 300 3400 rari.
347 3334 390 3397 Et
423 3342 593 3417 procerte
617 3335 729 3399 sciatis
753 3338 842 3421 qnod
867 3346 985 3402 contra
1016 3342 1181 3405 contrarii
1205 3364 1292 3426 prae·

226 3444 418 3522 suinptures.
442 3458 515 3499 cunr
541 3435 574 3497 iu
598 3437 693 3499 nuliis
716 3440 872 3501 carronice
897 3441 1094 3520 innotuerit,
1111 3445 1293 3528 prooedere

226 3537 431 3603 sttnlehiinus
450 3535 585 3619 justitia
610 3536 784 3599 mediante.
834 3539 1058 3604 Oineeranrus
1073 3550 1203 3621 autern,
1227 3544 1292 3608 filii

229 3637 399 3709 carissimi,
423 3657 481 3720 per
516 3635 772 3699 nriseriennliaur
797 3638 879 3699 ,lesu
906 3639 1044 3715 Christi,
1068 3651 1109 3705 ut
1132 3644 1294 3728 profanas

232 3760 349 3803 vocum
376 3736 542 3801 novitates
567 3735 728 3799 solicitius
752 3737 953 3813 devitantes,
980 3742 1151 3825 inquirere
1176 3744 1295 3829 digne·

233 3840 314 3905 nrini
339 3838 418 3923 quid
444 3838 477 3899 in
500 3835 562 3901 hac
586 3838 726 3900 niateria
749 3838 899 3902 doctores
933 3843 1085 3906 sentiant
1108 3845 1297 3922 seaculares

236 3943 293 4031 qui
313 3942 383 4026 jani
407 3938 553 4004 ennritte
576 3938 735 4003 doctrine.
761 3939 1005 4025 philosophiam
1029 3952 1065 4008 et
1089 3946 1297 4032 theologiam

236 4071 257 4113 a
289 4066 389 4131 puero
422 4041 616 4107 didicerunt
664 4042 814 4106 Sciunt-es
846 4065 906 4127 pro
939 4054 1030 4110 certo
1066 4048 1156 4132 quod
1189 4049 1298 4114 elaus-

240 4148 337 4214 troles
370 4146 427 4229 qui
462 4150 572 4228 spreta
595 4152 784 4207 senrctorunr
819 4145 987 4229 sapientia
1020 4147 1298 4234 philosophorum

241 4250 386 4317 venenis
419 4245 654 4310 traditionibus
679 4268 760 4329 eluas
785 4247 818 4308 in
854 4249 974 4312 saeculo
1009 4272 1078 4313 nou
1102 4251 1301 4329 didicerant,

243 4351 401 4419 curiosius
437 4347 661 4417 inunornntur,
686 4352 846 4430 tanquam
883 4359 1047 4432 ponentes
1081 4350 1116 4414 in
1150 4353 1301 4417 tenebris
