3134 5544
414 696 582 746 sris-rous
604 698 778 746 ronsxsrs
802 696 976 746 russis.
1151 685 1215 747 sot

166 895 306 978 pulsatis
352 897 531 980 cnrnpnuis,
581 895 728 960 candelis
774 895 943 970 extinctis,
989 895 1215 959 cxcouunuui-

164 1006 264 1073 catos,
287 998 444 1062 facientes
465 997 595 1062 cosdem
620 1020 641 1061 a
663 999 894 1063 communione
917 997 1062 1061 fidelium
1089 998 1213 1061 arctius

164 1099 293 1164 orituri.
339 1099 383 1164 Et
405 1100 433 1162 si
457 1121 539 1185 quos
560 1100 602 1164 de
625 1121 712 1163 noro
735 1099 799 1163 sibi
833 1099 868 1162 in
902 1120 962 1162 suo
994 1100 1133 1163 crimine
1154 1100 1213 1163 nil-

164 1200 287 1266 lnurere
334 1202 387 1266 rel
432 1223 628 1287 quocunque
674 1223 795 1286 genere
837 1201 1078 1266 communionis
1118 1206 1216 1266 extra

163 1326 258 1368 cesus
291 1326 312 1368 n
343 1304 421 1389 jure
458 1325 636 1378 concessos,
668 1304 864 1367 inveneritis
901 1303 1063 1378 assistere,
1099 1324 1212 1366 eorum

164 1405 297 1469 nomino
336 1405 480 1470 fideliter
515 1405 610 1470 nobis
649 1405 824 1470 rescribere
867 1405 1004 1468 minime
1042 1404 1210 1468 differatis

165 1508 252 1586 Quia
274 1508 409 1593 insuper
442 1508 735 1572 excommunicatis
758 1513 794 1572 et
823 1507 866 1570 ab
898 1506 1116 1572 ecclesiastica
1139 1508 1212 1570 uni·

164 1616 232 1673 tute
255 1610 373 1673 divisis
395 1616 476 1674 sunt
509 1610 631 1674 merito
663 1610 793 1674 fruetus
826 1615 862 1673 et
893 1614 1074 1694 proventus
1111 1608 1210 1673 ecele-

162 1712 285 1776 siastici
309 1711 537 1784 subtrahendi,
560 1712 753 1775 discretioni
778 1718 896 1775 vestrm
923 1711 1161 1775 committimus
1176 1718 1211 1774 et

164 1813 357 1877 inundemus
390 1814 455 1877 suli
486 1834 584 1899 luens
615 1811 912 1876 nnuumlversionis
946 1812 1104 1887 districte,
1130 1834 1209 1896 qun

163 1924 258 1979 tenus
280 1938 393 1979 omnes
417 1916 544 1979 fructus
567 1920 602 1978 et
625 1920 808 1999 proventus
839 1913 1059 1987 ecclesiastici,
1083 1936 1210 1979 necnon

161 2017 332 2101 pensiones
364 2016 574 2082 ecclesiarum
597 2015 641 2080 sd
671 2016 845 2100 pressatum
870 2015 1029 2079 ballivum
1053 2015 1210 2099 qualitor·

160 2140 288 2203 cunque
327 2119 362 2182 in
401 2119 539 2182 diocese
575 2116 773 2182 Cicesuersi
805 2123 992 2202 spectantes
1024 2118 1095 2181 sino
1127 2117 1209 2181 dila-

162 2220 261 2283 tionis
284 2219 384 2285 taedio
406 2218 627 2304 sequestretis,
650 2234 685 2282 ct
719 2219 805 2284 sicut
839 2219 915 2282 inde
950 2217 1045 2282 nobis
1077 2239 1209 2304 respon·

160 2319 235 2384 ‹lcre
258 2321 440 2394 volueritis
463 2321 590 2384 facistis
623 2320 686 2383 sub
717 2328 809 2384 arcto
842 2319 1000 2384 custodiri
1032 2326 1209 2403 sequestro,

160 2423 262 2489 ‹lonec
284 2446 304 2487 a
327 2424 421 2488 nobis
443 2423 535 2486 aliud
569 2423 655 2487 circs
676 2421 737 2487 hoc
770 2421 953 2487 habueritis
975 2421 1012 2484 in
1035 2421 1208 2497 mandatis,

159 2525 417 2589 contradictores
450 2530 484 2588 et
508 2523 647 2588 rebelles
669 2545 729 2609 pcr
762 2545 933 2588 censuram
957 2523 1206 2589 ecelesiasticam

158 2629 400 2714 compescendo.
447 2627 664 2691 Humfridum
689 2628 790 2692 etiam
825 2628 866 2692 de
890 2627 1058 2714 Gatewyc
1081 2627 1207 2692 Johan-

159 2751 231 2793 nem
264 2729 390 2794 dictum
413 2729 616 2814 Scriptorem
640 2734 675 2792 ct
709 2728 791 2792 alios
826 2729 993 2813 quonlam,
1016 2751 1098 2814 quos
1133 2740 1206 2794 tsn-

158 2853 256 2916 qumn
280 2830 384 2894 nostri
407 2830 505 2895 ollicii
538 2829 727 2894 turbatores
749 2838 782 2893 et
806 2830 895 2895 dicto
917 2831 1040 2895 lulliro
1063 2831 1207 2916 pertina-

158 2933 239 2996 citer
261 2932 476 3007 udhaerentes,
501 2931 697 2995 nominatim
730 2933 1029 2997 excommunicatos
1051 2932 1206 2998 denunci-

157 3035 286 3098 nrimus
324 3040 359 3098 et
396 3033 533 3099 fecimus
556 3055 615 3119 per
653 3055 712 3096 vos
750 3039 784 3097 et
823 3055 880 3118 per
917 3034 999 3099 alios
1037 3035 1208 3114 nuncisri3

159 3136 278 3199 iterum
313 3135 445 3199 faciatis
479 3135 563 3200 tnles
594 3156 653 3220 per
675 3134 807 3221 singula
840 3134 909 3200 loce
938 3135 1036 3201 dictoe
1059 3136 1207 3201 dioecesis

158 3237 326 3322 publicari,
338 3243 458 3322 preter
480 3236 554 3301 illos
569 3235 626 3320 qui
651 3236 859 3321 postmodum
883 3257 903 3300 a
925 3235 1020 3301 nobis
1035 3236 1078 3300 ab
1093 3237 1207 3302 eadem

156 3340 322 3404 sententis
345 3344 533 3405 meruerunt
552 3339 586 3401 in
603 3339 706 3403 forms
723 3338 810 3423 juris
832 3338 967 3403 absolvi.
1013 3338 1059 3402 Et
1081 3340 1207 3423 siquos

156 3441 286 3505 illomm
311 3442 443 3506 interim
468 3439 641 3525 continget
665 3440 700 3503 in
723 3439 793 3503 sats
822 3439 984 3516 decedere,
1009 3441 1137 3506 sociatis
1160 3442 1207 3505 eis

156 3544 360 3628 sepulturum
403 3541 657 3607 ecclesiasticam
699 3542 864 3626 ‹lencgari‚
903 3543 967 3606 nisi
1005 3544 1092 3628 ipsos
1130 3565 1206 3609 con·

156 3646 282 3709 stiterit
303 3652 381 3709 anto
404 3650 544 3708 mortem
570 3665 648 3707 vom
671 3644 765 3729 signa
787 3644 993 3729 poenitentiae
1016 3646 1204 3709 ostendisse.

157 3747 309 3826 Qualiter
345 3753 455 3810 auteur
480 3767 624 3831 praescns
663 3744 857 3809 mandatum
896 3752 1044 3811 nostmm
1076 3748 1206 3810 sumitis

155 3849 296 3923 executi,
328 3847 424 3912 nobis
457 3848 543 3911 citis
574 3846 695 3911 festum
728 3847 885 3912 Omnium
921 3847 1115 3913 Sanctorum
1138 3849 1205 3911 ‹lis-

156 3951 258 4016 tinctc
282 3956 316 4015 ct
337 3956 450 4035 aperte
473 3971 532 4034 per
554 3970 666 4013 omnes
690 3970 766 4013 suos
787 3949 945 4014 articulos
961 3949 1123 4015 intimetis
1146 3971 1205 4035 per

156 4060 281 4118 vestros
318 4058 470 4138 patentes
509 4051 622 4116 literas
665 4049 782 4114 hurum
821 4051 937 4115 seriem
987 4051 1204 4116 continentes.

157 4152 279 4219 Valete.
325 4153 449 4218 Datum
473 4153 561 4239 opud
585 4152 760 4229 Alecestre,
784 4152 829 4215 iii.
847 4152 927 4215 Idus
945 4153 1100 4238 Augusti,
1115 4175 1203 4218 anno

154 4256 288 4321 Domini
325 4273 400 4319 nee.
437 4255 635 4342 octogesimo
670 4261 796 4339 quarto,
831 4255 1048 4319 ordinationis
1079 4262 1201 4320 nostru·

152 4365 254 4422 sexto.
