3134 5544
143 830 484 919 tioemprunnnnt
514 836 666 899 mue
695 830 789 919 quod
820 828 1205 921 'gundim-

143 932 817 1021 aeduertiloeallidnntinlroaipn
860 930 1205 1001 Raab-ri·-

143 1134 1205 1227 dndnmlegemeaſtriduinmlnetinfflmh

142 1236 1203 1357 publioamnlt'uuann'aasslrriatimbgnffiuu·

142 1946 1201 2039 mmet.ntinarnipaedooaatqnianntillilrnniu

141 2048 364 2117 multiformes
410 2050 616 2139 dequibus
661 2048 833 2139 rogim
819 2070 859 2117 ιι
894 2046 1151 2139 Aponlipn'
1137 2070 1201 2115 ιιι

141 2150 453 2231 “Similihrdind
492 2152 614 2241 inquit,
660 2152 891 2221 “romam
935 2150 1067 2219 dmum
1108 2150 1200 2239 «μ’.

141 2258 160 2287 “
181 2254 307 2341 ι·ιειιίι
327 2254 373 2321 «1
401 2254 565 2341 nulum·
584 2262 623 2321 ὠ
641 2276 744 2343 ⁸¹¹ru
773 2254 889 2343 apra
907 2254 1199 2323 ffl¹ffl

139 2354 1199 2433 “simileaanro,etfacieaearunr⁸n'cntsadralmin

140 2454 227 2521 “lu
263 2456 433 2525 halabant
468 2456 605 2545 capillos
639 2456 730 2525 usos
760 2454 900 2547 capillo
935 2454 1129 2535 mulium,
1163 2458 1198 2521 al

139 2564 159 2591 “
180 2556 298 2623 dentes
334 2578 450 2625 aarum
479 2558 570 2627 siout
598 2558 719 2627 dentes
747 2558 893 2625 lamam
953 2558 1004 2625 m
1026 2556 1197 2625 mnam

139 2656 299 2725 “loricas
328 2658 419 2727 aient
448 2656 570 2727 loricas
599 2658 884 2739 fametvox
916 2658 1052 2727 alaram
1083 2678 1197 2727 aaran

138 2766 158 2795 ‘⁴
179 2758 268 2827 sicut
304 2782 373 2827 vox
408 2780 569 2829 cumam
614 2782 779 2849 eqnomm
826 2760 1018 2851 mullorum
1062 2778 1197 2831 m

139 2868 157 2897 ‘⁴
178 2862 266 2927 tium
297 2862 336 2929 in
364 2862 461 2931 bello.
505 2862 553 2930 nt
588 2862 761 2939 habebant
791 2864 917 2931 caudas
949 2864 1080 2931 similae
1113 2876 1199 2931 acm·

138 2972 157 3000 “
178 2963 358 3051 pionum.'’⁸
394 2966 546 3034 mensos
582 2968 767 3035 secundnm
797 2966 905 3055 legam
942 2973 1026 3034 aunt
1055 2966 1198 3033 munde

139 3066 202 3131 Por
253 3068 489 3133 similitudines
526 3068 633 3155 igitur
668 3069 872 3136 locustarum
903 3068 1111 3157 intelligitur
1139 3090 1195 3155 ap

138 3172 290 3255 parentia
327 3172 510 3237 munditiae.
573 3172 615 3235 In
654 3174 750 3258 cquis
787 3172 915 3258 paratis
952 3173 996 3238 ad
1029 3172 1195 3259 proelium.

137 3272 318 3337 effrenatio
344 3273 491 3338 audaciae
507 3279 542 3337 et
557 3273 732 3338 discursus.
779 3274 822 3339 In
844 3273 974 3341 coronis
995 3294 1067 3339 non
1088 3274 1196 3339 aureis

136 3373 194 3436 sed
216 3394 298 3437 auro
321 3373 493 3449 similibus,
517 3375 629 3440 inanis
651 3374 809 3460 gloriatio
832 3375 874 3441 de
897 3375 1002 3441 titulo
1024 3375 1196 3441 doctrinae.

136 3473 178 3537 In
223 3476 369 3542 faciebus
414 3476 586 3542 hominum
624 3478 894 3543 mansuetudinis
931 3478 1114 3545 simulatio.
1154 3479 1196 3545 ln

133 3577 262 3661 capillis
300 3579 475 3644 mulierum
512 3580 681 3647 maliciosa
703 3581 917 3647 machinatio.
963 3582 1004 3646 In
1036 3582 1195 3648 dentibus

134 3678 265 3743 leonum
300 3682 483 3746 irreverens
506 3682 678 3749 detractio.
726 3684 768 3750 In
803 3684 915 3750 loricis
946 3684 1047 3770 quasi
1078 3684 1194 3750 ferreis

134 3777 367 3866 incorrigibilis
391 3781 580 3848 obstinatio.
623 3783 665 3847 In
681 3785 794 3849 sonitu
810 3784 938 3849 alarum
962 3784 1193 3850 multitudinis

133 3881 290 3947 excitatio
312 3883 355 3947 ad
378 3882 440 3948 hoc
462 3885 579 3970 ipsum.
627 3886 669 3949 In
691 3886 806 3951 caudis
838 3886 1047 3970 scorpionum
1070 3892 1193 3952 attrac-

133 3982 181 4045 tio
204 3984 392 4069 principum
426 3986 640 4071 reproborum
664 3986 723 4072 qui
756 3987 937 4052 secundum
970 3986 1101 4073 glosam
1135 4008 1195 4073 per

132 4082 252 4147 caudas
286 4085 477 4169 hujusmodi
513 4087 739 4174 designantur,
763 4088 844 4172 quia
866 4093 1056 4174 sequuntur
1087 4094 1194 4153 nutus

131 4180 321 4268 hujusmodi
345 4187 600 4253 multiformium
626 4194 859 4268 monstrorum,
883 4212 904 4254 a
925 4190 1049 4276 quibus
1071 4190 1108 4255 in
1130 4212 1193 4257 sua

131 4284 262 4351 malicia
276 4288 518 4366 confortantur,
534 4291 616 4374 quia
631 4298 839 4358 monstruose
861 4314 883 4357 a
898 4292 1055 4358 monstris
1073 4291 1190 4379 hujus·

130 4386 220 4451 modi
241 4389 461 4455 absolvuntur
482 4391 519 4456 in
533 4394 674 4460 notoriis
690 4395 868 4461 sceleribus
882 4395 1077 4482 pertinaces
1101 4394 1188 4463 Cum

164 4536 284 4605 ¹serraca]
299 4556 387 4591 eornm
398 4543 470 4594 Ms‘l.
719 4546 831 4612 ’'Apoc.
843 4546 879 4598 ix.
892 4551 916 4597 7.

161 4612 173 4645 ²
189 4617 291 4683 eorum]
304 4618 437 4672 hominum
447 4622 479 4673 Β.
