3134 5544
546 761 549 767 Ι
592 700 754 749 naasson

236 874 369 940 Sacrate
393 876 521 963 Virgini
546 898 609 961 quc
633 898 693 940 nos
716 899 736 940 a
760 899 887 943 carcerc

239 977 350 1041 Solvit
373 1000 432 1063 per
455 979 560 1042 tilium
585 1001 689 1064 genus
712 980 748 1042 in
771 1001 889 1064 genere

237 1080 320 1144 Mira
344 1083 521 1148 mirificans
545 1083 680 1148 effectus
703 1104 798 1168 opere

195 1184 322 1247 Ausum
346 1185 402 1268 qni
426 1184 582 1271 prebuit¹
607 1185 771 1250 scribendi
794 1187 936 1270 gratiam

239 1284 406 1349 Sermonis
430 1287 559 1351 tribuat
582 1287 617 1350 in
640 1285 845 1351 affluenciam
942 1274 944 1277 ’

238 1385 286 1450 Ut
310 1386 381 1469 ojus
403 1387 575 1472 predicans
599 1387 712 1451 laudes
736 1394 771 1452 ct
792 1389 930 1473 gloriam

237 1487 393 1552 Duleoris
417 1488 530 1553 intimi
554 1509 704 1574 saporem
728 1490 880 1554 sentiam.

193 1587 262 1652 The
279 1589 435 1675 prologus
451 1589 577 1655 ends—-

195 1687 343 1775 Benigne
365 1691 493 1776 suscipe
516 1696 622 1755 mater
644 1690 732 1774 quod
755 1690 855 1756 offero

239 1790 399 1876 [litusque
423 1797 558 1878 tangere
581 1792 632 1857 fac
655 1814 707 1857 me
731 1813 796 1877 qno
819 1814 957 1878 propero

239 1893 288 1957 Ut
312 1895 411 1958 maris
434 1892 597 1960 vortices2
619 1916 693 1960 cum
716 1896 938 1981 pertransiero

243 1994 363 2073 Quiete
388 1997 502 2060 vivore
526 1997 648 2081 possim
673 1996 830 2061 decetero.

196 2097 267 2163 Nec
290 2120 357 2163 non
381 2104 416 2164 et
438 2100 592 2163 omnibus
614 2099 742 2164 relaxes
764 2100 903 2164 crimina

239 2201 307 2264 Pro
331 2201 451 2286 quibus
475 2201 663 2287 supplicans
687 2201 789 2267 fundo
812 2205 999 2287 precamina

243 2303 469 2389 Nostrumqne
493 2304 617 2389 pariter
640 2310 674 2368 et
698 2304 814 2369 horum
837 2307 974 2370 nomina

240 2403 411 2470 Conscribi
435 2406 538 2470 facias
561 2407 595 2469 in
620 2408 688 2471 vite
711 2408 842 2493 pagina.

196 2505 265 2571 The
285 2506 485 2572 l'sulterium
502 2509 641 2573 consists
656 2509 695 2572 of
705 2509 763 2573 the
780 2509 854 2572 first
870 2509 933 2572 few
948 2511 1057 2574 words
1072 2511 1109 2574 oi
1119 2511 1199 2576 each

153 2609 271 2685 Psalm,
295 2611 495 2685 rubricated,
512 2612 577 2674 :md
603 2633 623 2674 a
638 2633 731 2675 verso
762 2612 798 2674 in
822 2613 929 2696 praise
946 2611 983 2676 of
1004 2613 1060 2677 the
1086 2614 1205 2699 Virgin

150 2711 322 2796 appemlcd
339 2720 373 2775 to
388 2712 476 2777 each.

196 2812 265 2877 Tne
282 2814 354 2877 first
371 2814 398 2876 is
415 2813 539 2878 Beatus
554 2813 616 2889 vir,
633 2814 688 2879 &a

241 2917 312 2978 Ave
337 2916 431 3001 virgo
456 2916 624 3000 virginum
649 2937 768 3001 parens
792 2917 917 3001 absque
940 2918 1011 3002 pari

242 3018 321 3082 Sine
346 3018 411 3081 viri
435 3019 560 3082 semine
584 3018 686 3103 digna
709 3018 879 3083 fecundari

239 3121 305 3185 Fac
327 3142 387 3184 nos
411 3120 516 3206 legem
544 3120 679 3185 Domini
703 3122 817 3186 crebro
841 3122 994 3186 meditari

241 3223 285 3285 Et
308 3222 343 3286 in
367 3224 460 3308 regni
484 3223 591 3308 gloria
613 3223 805 3290 beatificari.

196 3323 301 3389 There
316 3347 372 3390 are
390 3329 454 3389 152
471 3331 600 3391 stannus
616 3325 654 3390 os
665 3326 742 3390 four
761 3327 846 3392 lines
861 3326 899 3391 os
911 3326 1021 3393 which
1039 3328 1131 3394 these
1153 3351 1208 3394 arc

148 3426 384 3512 examplesz-

286 3529 459 3593 Dmriians
481 3528 567 3612 repit
590 3550 641 3593 nso

242 3630 314 3695 Avo
337 3630 431 3694 lesse
457 3629 587 3716 virgula
609 3631 793 3716 gratiarum
817 3630 913 3696 donis

245 3733 488 3797 Halnrndanter
511 3732 643 3818 predita
665 3739 703 3797 tu
726 3735 937 3799 correctionis

244 3835 346 3919 Virga
368 3835 414 3896 sis
438 3840 472 3898 et
495 3833 631 3899 baculus
654 3835 888 3900 consolationis

245 3938 318 4016 Quo
341 3958 400 4000 nos
424 3935 577 4001 Christus
600 3938 730 4022 pascuis
753 3936 890 4003 collocet
912 3938 948 4002 in
972 3937 1074 4002 bonis.

288 4039 420 4104 Jouiea
444 4060 495 4103 trie

244 4144 316 4206 Ave
340 4143 434 4225 cujus
458 4142 606 4207 thalamo
627 4141 730 4226 judex
755 4147 976 4227 antegressus

248 4244 372 4308 Causas
396 4244 452 4328 qui
478 4243 677 4308 ‹letenninat
696 4243 852 4327 judicans
876 4265 1028 4308 excessus

245 4345 311 4409 Pcr
335 4367 432 4430 quom
458 4345 579 4410 mentis
603 4345 717 4410 oculus
741 4345 887 4410 tenebris
910 4367 1083 4431 oppressus

245 4448 360 4512 Discat
383 4453 422 4511 ut
445 4448 479 4510 in
503 4448 627 4512 lumino
651 4468 725 4512 suos
748 4452 850 4534 ponat
872 4469 1009 4534 gressus.

290 4548 386 4613 Dixit
412 4548 583 4614 lloorinus

202 4741 209 4771 ¹
226 4739 322 4797 tribuit,
333 4739 385 4788 Dd.
399 4755 439 4788 xv.
452 4743 492 4788 21.
678 4742 686 4806 Ι
733 4743 742 4770 ²
759 4740 993 4800 vorticosam.
1008 4746 1045 4791 14.
