3134 5544
401 705 571 755 seurota
592 705 767 754 Jonlnnrs
791 703 967 754 escensu.
1140 692 1203 754 911

152 917 270 979 gerens
300 894 491 981 hujusmodi
524 895 651 960 virtute
682 893 833 958 mandati
867 915 887 958 a
920 892 1079 978 praedicta
1113 913 1208 957 exac-

153 998 245 1060 tione
268 996 439 1071 desistant,
462 1002 497 1060 et
526 996 588 1061 hoc
610 997 658 1060 eis
681 1000 831 1065 constare
862 994 1017 1059 volumus
1041 1015 1100 1079 per
1123 1015 1207 1079 pree-

154 1102 272 1162 sentes.
320 1096 446 1163 Datum
470 1098 560 1183 apud
582 1095 786 1175 Lameheth'‚
810 1097 863 1160 die
887 1097 1210 1161 commemorationis

154 1202 359 1276 Animarum,
382 1200 602 1265 ordinationis
624 1206 746 1264 nostrae
769 1220 856 1264 anne
879 1200 1029 1284 septimo.

608 1559 763 1626 DCLIIl.

269 1705 318 1770 To
341 1723 411 1770 run
433 1705 601 1771 (lauaem
624 1722 669 1769 or
690 1722 760 1770 rna
786 1706 915 1770 anas
939 1706 1088 1771 Minoas.

204 1856 390 1921 Venerabili
422 1857 458 1920 in
496 1855 629 1922 Christo
661 1857 758 1942 patri,
783 1857 880 1921 fratri
915 1859 1032 1922 Alloto
1065 1859 1213 1943 generali
1259 1870 1360 1937 [raas]

159 1960 312 2023 ministro
342 1959 466 2023 ordinis
498 1958 652 2023 Fratrum
685 1958 860 2035 Minor-um,
892 1959 1007 2024 Frater
1037 1960 1215 2035 Johannes,
1233 1938 1365 2054 Λξέζζὼ

159 2069 219 2126 ete.
236 2060 384 2130 salutern.
401 2069 436 2125 et
454 2062 615 2126 sinceram
634 2062 670 2124 in
686 2061 829 2125 Domino
845 2063 1026 2126 caritatem.
1060 2062 1214 2127 Fratrum
1233 2078 1259 2121 to
1271 2070 1377 2120 confirm

159 2162 352 2248 simplicitas
383 2162 556 2248 primitiva
590 2163 625 2226 in
660 2163 830 2248 provincia
862 2163 1054 2248 Anglicana,
1077 2171 1147 2228 tam
1180 2166 1215 2228 in
1232 2135 1385 2252 ξῖἶζξῗζμ

160 2265 238 2330 locis
270 2264 438 2350 capiendis
461 2286 560 2350 quam
594 2265 629 2329 in
663 2265 810 2330 aedifieiis
842 2267 1078 2342 construendis,
1103 2268 1215 2332 incon·
1231 2268 1379 2346 amorne

161 2366 358 2431 sideratione
391 2366 479 2431 faeta
513 2367 697 2432 ferventius
719 2389 817 2452 quam
850 2367 1046 2453 prudentius
1077 2370 1216 2454 posteris
1232 2338 1358 2465 {2311ss

163 2468 369 2533 incommoda
390 2469 598 2555 propagavit,
620 2469 699 2533 dum
724 2474 758 2533 ct
780 2476 916 2555 propter
939 2469 999 2534 hoc
1022 2471 1129 2556 coegit
1151 2470 1214 2535 fre·
1233 2492 1387 2544 menreb.

160 2576 300 2654 quanter
338 2570 514 2635 necessitas
547 2577 676 2636 mutare
709 2571 787 2647 loca,
826 2578 860 2636 et
893 2593 1043 2657 reparare
1077 2573 1216 2638 aedificia
1233 2559 1296 2609 Μ·
1309 2560 1374 2609 ⁶⁹b·

161 2672 301 2736 ruinosa
360 2672 457 2736 Unde
493 2672 679 2757 specialiter
704 2673 739 2736 in
764 2672 832 2736 loco
863 2672 1003 2737 fratrum
1042 2673 1215 2761 Radyng’,¹

162 2772 416 2837 Sarisbnriensis
439 2773 596 2849 ‹lireeesis
620 2779 756 2860 cogente
779 2773 1018 2859 quodammodo
1049 2777 1216 2861 protervia

162 2874 393 2939 monachorum
429 2875 487 2959 qui
525 2875 675 2960 Radyng'
706 2875 928 2952 dominantur,
962 2884 1119 2962 ceperunt
1151 2878 1215 2942 sibi

160 2976 277 3041 fratres
311 2976 416 3042 locum
450 2977 630 3061 palustrem
665 2999 685 3040 a
718 2977 880 3062 principio
914 2984 1010 3043 extra
1032 2980 1155 3057 villam,
1180 2982 1215 3045 in

161 3099 321 3162 quocum
358 3078 512 3142 maximis
536 3077 752 3143 incommodis
786 3077 947 3142 hactenus
969 3087 1049 3144 sunt
1072 3083 1215 3161 morati;

162 3187 234 3245 turn
268 3181 348 3265 quia
382 3180 658 3246 inundationibus
689 3201 850 3266 aquarum
888 3181 1030 3246 assiduis
1067 3185 1215 3270 operitur

162 3281 273 3346 taliter
297 3281 386 3345 locus
419 3281 497 3366 ipse,
523 3287 560 3345 ut
591 3280 712 3346 fratres
732 3281 873 3346 durante
908 3283 1137 3360 inundatione,
1160 3286 1212 3349 vel

161 3390 321 3467 cogantur
343 3380 451 3446 locum
475 3381 633 3455 deserere,
657 3381 709 3444 vel
734 3383 768 3445 in
792 3383 865 3467 ipso
887 3404 963 3447 cum
986 3386 1132 3469 periculo
1164 3408 1213 3451 re·

163 3505 313 3563 manerc3
352 3490 424 3548 turn
458 3486 538 3569 quia
561 3485 622 3549 loei
645 3484 806 3550 distantia
828 3487 970 3550 multum
1003 3494 1120 3573 gravat
1151 3491 1216 3555 fra·

162 3592 229 3648 tres
257 3585 292 3647 in
316 3584 397 3648 villa
431 3585 512 3670 ipsa,
536 3585 600 3648 sibi
625 3585 810 3649 necessaria
840 3588 1046 3672 temporibus
1090 3589 1214 3655 hiema-

160 3687 246 3751 libus
295 3687 530 3772 perquirentes.
611 3686 772 3766 Quocirca
828 3688 943 3752 multis
991 3695 1026 3754 et
1084 3693 1213 3778 magnis

164 3788 460 3873 interpellantibus,
484 3787 618 3852 tandem
645 3787 797 3852 monaehi
826 3789 977 3874 praedicti
1012 3792 1157 3857 celebres
1180 3801 1215 3858 et

162 3889 288 3964 famosi,
311 3889 471 3953 fratribus
502 3895 734 3954 concesserunt
757 3897 795 3953 ut
823 3891 949 3974 possint
979 3915 1089 3957 aream
1122 3917 1215 3960 suam

162 3992 197 4055 in
233 3992 339 4056 locum
372 3992 572 4055 eminentem
609 3991 696 4055 inter
729 3992 818 4055 villar
851 3993 1014 4058 ambitum
1046 3997 1214 4083 ampliare,

163 4092 221 4156 ubi
245 4114 305 4157 nec
329 4092 530 4156 alluvionem
564 4092 713 4168 timeant,
744 4114 804 4157 nee
840 4094 981 4159 ducente
1013 4100 1216 4183 compendio

163 4217 184 4258 a
218 4195 405 4279 quaerendis
437 4193 628 4258 necessariis
659 4195 760 4258 nimis
794 4195 928 4263 distent.
975 4198 1069 4278 Quod
1104 4208 1216 4266 tamen

162 4295 375 4360 nullomodo
409 4295 584 4359 concedere
608 4296 788 4360 voluerunt
811 4299 875 4360 nisi
907 4321 981 4364 eum
1017 4301 1214 4385 quibusdam

163 4396 363 4483 pnejudiciis
386 4395 636 4481 privilegiorum
659 4395 793 4471 ordinis,
817 4399 903 4462 sicut
930 4399 1042 4465 videre
1066 4405 1217 4487 poteritis

466 4600 473 4632 ¹
493 4602 542 4649 See
553 4601 605 4651 Vol
620 4599 662 4659 ll,
675 4600 787 4662 l’reaee,
797 4617 821 4665 p.
835 4603 924 4667 lxxxij.
