3134 5544
128 652 194 717 894
375 668 546 718 sersrourc
567 669 742 718 ‚rosensis
764 670 942 721 rucuma

128 867 200 926 tum
246 883 321 927 eum
366 862 559 928 maturitate
606 863 699 949 vigili
746 872 965 952 exequantur.
1058 865 1180 932 Valcte.

128 962 253 1026 Datum
286 964 374 1049 apud
408 963 632 1050 Cherryuggo,
655 965 688 1030 ii.
723 965 799 1030 idus
834 966 969 1051 Aprilis,
993 987 1085 1031 anno
1118 968 1181 1032 Do·

128 1066 211 1129 mini
242 1067 415 1131 millesimo
447 1067 671 1132 ducentesimo
703 1071 901 1154 octogesimo
933 1070 1064 1155 quinto,
1100 1071 1182 1136 ordi·

127 1169 271 1233 nationis
294 1176 415 1233 nostrae
437 1169 586 1255 septimo.

551 1663 739 1731 DOXLIII.

388 1815 439 1879 To
461 1815 608 1881 Tironis
631 1831 678 1879 nn
702 1815 909 1882 Onanrnmc

0 1990 70 2037 1285.
173 1971 289 2035 Frater
311 1971 333 2035 J
337 1970 520 2055 [ohannes],
545 1975 617 2049 etc,
640 1970 762 2035 dilecto
784 1971 853 2036 filio
885 1971 1021 2037 domino
1045 1971 1179 2037 Thomae

1 2052 109 2168 'ssspfflm
128 2074 168 2137 de
208 2073 398 2149 Chertham,
438 2073 553 2138 clerico
599 2076 634 2137 et
678 2072 836 2138 familiari
874 2081 998 2151 nostr0,
1027 2074 1178 2150 salutem,

0 2200 109 2248 aycer·
126 2176 269 2262 gratiam
293 2182 327 2239 et
349 2175 621 2239 benedictionem.
669 2173 867 2239 Mandemus
889 2175 987 2240 vobis
1013 2182 1177 2261 quatenns

16 2265 87 2366 ff
127 2277 304 2364 particulas
336 2276 477 2340 inferius
510 2275 649 2361 scriptas
684 2276 832 2361 personis
855 2276 1076 2363 infrascriptis
1098 2277 1177 2342 libe·

6 2399 82 2445 .115.
126 2379 192 2442 rari
226 2378 357 2443 faciatis
389 2377 430 2440 de
462 2375 641 2440 elemosina
673 2381 788 2440 nostra
819 2398 877 2462 per
909 2399 970 2442 nos
1007 2378 1177 2465 assignata

125 2480 215 2566 apud
239 2479 445 2565 Qherryngg'
470 2478 525 2542 die
549 2477 698 2553 Sabbati,
729 2478 854 2544 scilicet
877 2479 971 2542 xviii.
996 2479 1064 2546 kal.
1087 2479 1177 2556 Maii,

124 2603 213 2646 anno
251 2581 387 2645 Domini
433 2595 646 2655 nieciixxxV„
694 2579 857 2656 videlicet,
895 2580 1006 2645 decem
1053 2602 1177 2646 marcas

125 2684 325 2749 monialibus
349 2682 464 2746 Sancti
488 2680 638 2766 Sepulcri
670 2681 710 2744 de
735 2681 918 2746 Cantuaria
950 2704 1010 2768 pro
1045 2704 1176 2769 cooper-

125 2792 201 2850 tura
239 2783 424 2849 dormitorii
463 2783 523 2858 sui,
562 2803 644 2867 quas
683 2783 783 2847 debet
813 2784 972 2870 magister
1009 2784 1177 2850 Martinus

125 2887 366 2953 commissarius
389 2890 501 2949 noster
531 2884 677 2970 accipere
701 2885 741 2949 de
773 2885 937 2950 fructibus
967 2886 1114 2953 ecclesiae
1136 2887 1177 2953 dc

41 3065 46 3073 ,
125 2991 216 3065 Dale,
240 2996 274 3054 et
297 2987 481 3072 assignabit
503 2985 577 3049 illas
601 2986 713 3050 decem
737 3009 863 3052 marcus
887 2989 1019 3054 domino
1043 2989 1177 3056 Thomae
1273 2978 1278 2992 ⁸

65 3138 68 3144 -
125 3095 165 3157 de
199 3092 381 3157 Chartham
414 3088 613 3152 monialibus
637 3090 805 3172 praedictis
840 3092 1029 3174 erogandas,
1070 3100 1104 3157 et
1142 3095 1177 3156 in

124 3198 190 3258 illis
230 3197 338 3258 decem
380 3192 496 3255 mareis
535 3191 733 3254 includimus
772 3199 914 3275 quatuor
952 3216 1079 3258 marcas
1119 3217 1176 3279 pro

125 3299 259 3361 cambio,
318 3298 413 3369 Item,
448 3317 468 3357 a
502 3295 554 3357 dio
589 3293 726 3356 Sabbati
751 3296 917 3378 praedicta,
951 3297 1100 3361 Matildee
1135 3300 1175 3362 dc

126 3399 383 3482 Wythihamnie,
408 3398 484 3459 filie
519 3418 587 3459 suae
611 3404 644 3459 et
676 3399 768 3480 nepti
793 3419 871 3474 snm,
894 3399 1044 3482 qualibet
1074 3402 1175 3484 septi-

124 3524 221 3565 mana
260 3502 301 3564 ad
341 3502 445 3561 vitam
485 3520 606 3570 carum,
642 3498 752 3561 decem
788 3499 939 3562 denarios
974 3506 1006 3562 et
1043 3501 1174 3565 obolum

123 3605 337 3689 assignamus,
395 3603 533 3674 ltem,a
568 3600 726 3682 praedicto
750 3601 803 3662 die
839 3601 933 3663 fratri
958 3601 1101 3666 Ricardo
1134 3605 1175 3668 de

125 3707 245 3769 Bolenc
271 3704 419 3789 qualibet
441 3703 494 3765 dic
520 3702 679 3785 quamdiu
704 3702 836 3775 vixerit,
863 3724 966 3764 unum
991 3703 1174 3770 denarium.

124 3809 219 3881 item,
243 3806 335 3890 nepti
361 3804 507 3887 ejusdem
534 3803 665 3866 Ricardi
691 3824 711 3864 a
735 3803 788 3864 die
811 3803 970 3885 praedicto
994 3826 1098 3888 usque
1132 3809 1174 3871 ad

123 3909 282 3973 kalendas
321 3905 476 3990 Augusti,
507 3904 656 3987 qualibet
694 3904 747 3966 die
786 3926 890 3966 unum
929 3906 1070 3970 obolum.
1134 3909 1174 3972 In

123 4011 216 4092 cnjus
251 4009 297 4071 rei
333 4006 561 4070 testimonium
594 4006 739 4089 sigillum
773 4012 922 4068 nostrum
953 4010 1175 4090 praesentibus

123 4121 173 4176 est
196 4133 385 4195 appensum.
433 4109 557 4173 Datum
582 4129 678 4184 anne,
703 4107 755 4170 dic
779 4114 813 4170 ct
836 4108 905 4171 loco
928 4109 1103 4191 praedictis.

382 4392 613 4401 -.-—-—-.-—-.
618 4392 746 4398 ---——⁴
759 4391 874 4397 ’,-
