3134 5544
608 739 769 788 raasson
1164 719 1218 786 cix

157 911 325 992 quondam
362 910 520 976 Cantuar’
554 911 803 999 archiepiscopi
842 912 882 976 de
914 911 1029 976 ordino
1062 910 1217 975 Fratrum

160 1009 327 1076 Minorum
351 1033 415 1097 quo
440 1018 580 1077 vocatur
604 1011 826 1077 Philumena.'’

204 1111 286 1175 This
301 1114 402 1177 omits
420 1113 477 1176 the
494 1113 559 1177 last
575 1113 669 1177 thrcc
686 1118 819 1178 stanzas
835 1113 873 1177 of
884 1113 941 1177 thc
958 1111 1091 1198 printed
1107 1133 1200 1197 copy.

203 1211 337 1298 Oloscly
353 1214 419 1278 and
443 1214 556 1278 rather
578 1213 755 1299 carelessly
771 1215 915 1290 written,
931 1213 1094 1299 probably
1111 1213 1214 1278 about

158 1314 215 1378 tlre
230 1316 296 1378 end
312 1317 350 1379 ol
361 1316 428 1380 xiv.
444 1322 593 1400 century.

203 1416 245 1481 In
271 1417 338 1482 this
363 1419 428 1483 vol.
455 1425 490 1483 at
513 1419 534 1484 f.
560 1422 625 1484 168
650 1418 743 1484 thero
766 1420 794 1482 is
816 1417 957 1483 another
978 1439 1072 1503 poem
1100 1418 1139 1482 of
1156 1418 1213 1482 tlre

157 1539 246 1582 same
269 1539 366 1583 namo
388 1519 536 1583 ascribed
561 1524 594 1582 to
618 1517 708 1584 John
731 1518 771 1583 de
795 1518 966 1596 Heroden,
989 1519 1125 1585 clericus
1149 1520 1213 1584 Re·

155 1621 231 1706 gine
247 1621 377 1707 Anglie,
393 1621 577 1706 beginning

246 1723 349 1788 “Ave
373 1724 513 1788 verbum
536 1744 594 1788 ens
618 1723 653 1787 in
677 1723 866 1809 principio.''

201 1825 394 1890 Rawlinson
420 1826 458 1891 A.
490 1828 565 1902 389,
596 1824 615 1888 f.
649 1824 847 1890 21.-“Dc
872 1823 987 1890 Oantu
1014 1825 1213 1890 Philomene.

158 1932 312 1997 Ceterum
335 1931 378 1996 ad
402 1931 615 1997 excitandum
648 1936 792 1996 mentem
828 1931 975 1995 fidelium
999 1932 1041 1996 ad
1065 1931 1214 1997 devocio-

157 2054 232 2097 nem
264 2031 319 2096 hic
356 2033 519 2096 subicitur
565 2036 692 2097 tractus
738 2032 973 2096 devotissimus
1013 2032 1063 2096 Dc
1103 2033 1214 2098 Cantu

158 2135 347 2200 Philumene
385 2141 525 2199 mortem
563 2135 862 2221 appropinquantis
906 2157 966 2220 per
1013 2135 1110 2199 horae
1148 2136 1214 2200 diei

156 2238 322 2312 distincto,
354 2236 411 2300 ubi
451 2241 660 2323 comparatur
700 2235 894 2301 Philumena
933 2236 1061 2302 mistice
1099 2238 1210 2302 anime

156 2340 342 2405 Christiane
366 2338 559 2402 meditantis
592 2343 719 2401 statum
752 2344 786 2402 et
819 2360 919 2425 opera
954 2338 1139 2403 Salvatoris
1170 2341 1213 2403 ab

157 2443 381 2508 incarnatione
416 2462 517 2526 usquo
559 2440 602 2505 ad
634 2441 853 2515 morte1n‚sic
887 2441 994 2526 igitur
1028 2442 1212 2526 alloquitur

155 2550 313 2609 tractator
337 2542 591 2607 Philourenam.'’

197 2647 391 2711 Afiftcenth
403 2651 543 2730 century
556 2644 624 2708 MS.
641 2644 798 2729 omitting
812 2644 868 2708 the
886 2645 950 2709 last
960 2645 1054 2710 three
1066 2651 1207 2712 stanzas.

155 2754 183 2815 A
198 2751 262 2815 few
279 2749 495 2833 misreadings
511 2769 567 2812 are
583 2746 759 2812 corrected.

196 2852 387 2917 Rawlinson
421 2850 489 2915 MS.
514 2848 589 2924 397,
615 2848 634 2912 f.
663 2851 714 2924 78,
741 2846 827 2914 Bibl.
854 2847 1075 2913 Redi-“De
1100 2848 1210 2914 Oantu

153 2964 168 2992 “
192 2953 406 3018 Plrilomene.”
453 2952 507 3015 An
535 2949 708 3036 imperfect
735 2971 829 3035 copy,
845 2950 1042 3035 containing
1066 2951 1123 3015 the
1140 2953 1213 3016 first

154 3059 195 3122 36
211 3063 349 3130 stouras,
367 3054 490 3138 ending
505 3052 588 3117 with

328 3158 421 3222 Tunc
443 3178 518 3222 cum
542 3155 623 3220 fletu
647 3154 764 3218 recolit
787 3154 878 3218 illius
901 3153 1038 3231 laborer,

151 3262 233 3328 aster
250 3261 357 3325 which
373 3282 394 3325 a
421 3258 489 3324 leaf
500 3259 529 3322 is
552 3257 716 3343 probably
733 3257 808 3328 lost.
856 3257 889 3320 It
912 3278 1151 3324 reconnnences
1176 3262 1210 3324 in

152 3365 206 3431 the
222 3365 312 3429 sixth
329 3370 444 3428 stanna
460 3361 545 3426 from
563 3360 619 3424 the
639 3360 711 3424 end.

241 3496 354 3560 Habes
376 3493 436 3558 celi
460 3491 630 3577 gaudium,
653 3497 764 3555 tecum
787 3511 847 3554 cur
870 3489 1043 3575 languores

240 3597 335 3662 Etsi
358 3595 459 3659 velles
482 3592 633 3679 amplius,
658 3598 746 3657 certe
770 3612 836 3655 non
861 3591 987 3657 valeres

240 3700 328 3778 Quia
350 3697 438 3762 salus
462 3695 609 3760 omniurn
634 3700 685 3758 est
707 3694 761 3760 cui
784 3693 930 3758 adheres,

197 3802 262 3868 Sed
282 3801 353 3883 jam
377 3805 521 3863 metrum
544 3797 634 3876 linio,
659 3816 700 3859 ne
724 3795 787 3859 sim
811 3794 967 3872 tediosus,

241 3903 328 3967 Nam
351 3902 378 3964 si
403 3900 522 3964 vellem
545 3899 695 3974 scribere,
718 3918 817 3982 qnam
842 3897 1016 3963 deliciosus

239 4007 293 4071 Sit
315 4003 369 4068 hic
393 4008 502 4066 status
525 4001 644 4075 anime,
669 4021 834 4084 quamquo
858 3999 1028 4084 gloriosus,

239 4108 270 4170 Α
292 4104 446 4189 malignis
469 4103 594 4166 dicerer
618 4101 719 4166 fallax
743 4105 777 4164 ct
800 4102 976 4164 mendosus

240 4206 405 4290 Quicquid
430 4211 541 4268 tamen
565 4203 621 4267 alii
646 4203 769 4278 dicant,
792 4202 896 4266 frater
918 4223 1001 4277 carc,

242 4309 345 4371 lslarn
369 4328 490 4369 noram
514 4305 683 4368 martirem
708 4304 813 4366 libens
837 4303 967 4366 inritare

239 4412 390 4495 Cumque
414 4409 491 4473 talis
514 4409 615 4472 fueris
640 4407 810 4472 Olnisturn
834 4407 1008 4492 deprecare

240 4513 289 4576 Ut
312 4533 372 4574 nos
394 4517 512 4575 cantus
536 4510 680 4573 martiris
704 4509 820 4573 doceat
843 4515 983 4574 cantare.

998 4612 1115 4677 Arnen.

242 4753 265 4802 u
305 4755 395 4801 rura.
1050 4725 1073 4787 h
