3134 5544
319 714 492 767 srisnonn
514 716 687 767 cornuum
710 716 888 771 recussu.
1067 699 1132 769 979

78 900 130 966 Ex
161 903 258 970 corde
292 904 335 971 ad
367 928 436 982 ves,
470 910 553 971 teste
588 903 796 980 conscientia,
822 901 1002 988 plurimum
1028 898 1129 965 affici·
1148 905 1190 1013 ²1⁰,
1186 899 1260 949 ⁸¹¹⁰*

76 1003 190 1080 cimur,
222 1012 257 1071 et
288 1006 431 1073 libenter
468 1028 528 1093 pro
566 1006 636 1074 loeo
674 1013 709 1072 ct
745 1012 894 1092 tempore
933 1022 1128 1088 promovere
1146 965 1283 1082 {0223ssss

75 1107 227 1193 cupimus
261 1130 300 1177 ca
331 1132 406 1196 quae
437 1115 586 1177 vestrum
621 1109 803 1196 respiciunt
840 1107 1051 1175 commodum
1094 1111 1129 1169 ct
1146 1097 1280 1214 he¹⁸⁰⁰¹¹¹⁰·

78 1206 244 1279 honorem.
291 1210 419 1279 Idcirco
441 1211 606 1299 praecipue
637 1212 717 1297 quia
738 1211 782 1276 ab
813 1230 851 1274 eo
882 1215 1031 1293 tempore
1064 1227 1130 1291 quo
1147 1172 1211 1305 13·
1221 1258 1268 1306 140
1276 1255 1301 1305 b·

80 1308 313 1380 cantuariensi
344 1314 489 1383 ccclesiae
519 1314 721 1400 praefuimus,
753 1312 832 1380 licct
864 1309 1033 1385 immeriti,
1071 1330 1130 1374 vos

80 1412 269 1482 invenimus
308 1416 500 1486 tractabiles
531 1421 566 1483 ct
595 1417 765 1503 benignos,
797 1421 832 1481 et
864 1413 945 1499 quia
976 1412 1129 1498 quaedam

80 1513 116 1579 in
149 1516 243 1583 vobis
275 1540 346 1587 esse
377 1518 604 1586 intelleximus
626 1518 842 1607 conigenda;
876 1538 936 1582 vos
971 1521 1011 1583 ut
1043 1515 1131 1581 lilios

80 1616 311 1688 devotissimos
356 1643 532 1689 exeramus
569 1628 608 1688 ut
646 1619 937 1689 mansuetudinem
983 1623 1131 1683 vestram

79 1719 241 1806 pessimus
271 1724 307 1787 in
338 1745 415 1791 casu
453 1724 510 1810 qui
549 1724 688 1789 inferius
727 1722 942 1809 subjungitur
975 1719 1129 1805 experiri.

80 1820 167 1888 Sane
200 1824 399 1909 quibusdam
433 1825 609 1914 fidcdignis
646 1825 864 1893 referentibus
903 1822 1131 1888 intelleximus

81 1924 275 2009 quodcum
310 1927 422 1996 dilecti
455 1927 516 1993 lilii
539 1978 578 1995 ..
609 1928 699 2015 prior
729 1933 764 1993 et
793 1930 977 1993 conventus
1000 1923 1133 1999 Devar‘,

83 2047 165 2110 qum
195 2026 257 2093 sub
289 2051 365 2117 rege
388 2035 423 2095 et
454 2051 574 2117 arege
606 2035 756 2095 tenemus
791 2029 827 2092 in
862 2026 1025 2101 manibus,
1048 2025 1134 2090 desi·

82 2126 198 2194 derent
230 2129 338 2198 lecum
372 2154 441 2198 suae
463 2131 641 2199 forinsecus
664 2130 816 2199 claudere
840 2128 1030 2215 sepulturae,
1052 2127 1133 2211 quia

82 2227 172 2296 locus
216 2232 286 2319 ipse
324 2233 360 2297 in
395 2254 460 2321 quo
507 2234 669 2300 nonnulla
706 2254 845 2320 corpora
882 2230 1131 2317 progenitorum

82 2337 266 2399 vestrorum
304 2339 339 2400 et
376 2334 517 2402 aliorum
555 2334 703 2401 fidelium
743 2334 963 2420 requiescunt,
999 2330 1128 2396 assidue

83 2433 224 2519 porcinis
252 2441 287 2502 ct
318 2436 393 2503 aliis
426 2437 648 2504 immunditiis
671 2437 875 2524 polluuntur,
899 2434 988 2521 qued
1018 2433 1134 2518 utique

82 2557 142 2603 nce
163 2536 275 2605 Judaei
310 2560 371 2606 nce
394 2538 550 2609 Saraceni
586 2541 628 2606 de
650 2541 719 2605 suis
749 2539 895 2625 perfidius
919 2534 1018 2602 filiis¹
1042 2539 1134 2621 pate-

84 2644 207 2716 rentur,
230 2641 284 2708 eui
319 2642 455 2727 quidam
490 2648 638 2709 vestrum
673 2650 712 2706 ut
735 2642 857 2709 dicitur
880 2640 1136 2718 contradicunt3

84 2742 220 2827 etquis
254 2740 346 2809 locus
381 2743 452 2830 ipse
475 2744 604 2811 ratione
626 2743 817 2830 hujusmodi
852 2743 1031 2830 sepulturas
1059 2741 1135 2806 reli·

82 2842 189 2929 gionis
211 2845 352 2911 sortitur
381 2845 561 2926 honore1n3
592 2868 652 2911 ves
682 2868 742 2932 pro
766 2846 828 2910 Dei
860 2846 1047 2911 reverentia
1077 2866 1135 2925 ex·

85 2965 215 3010 eramus
257 2953 422 3033 quatenus
460 2949 635 3034 pradictus
681 2948 822 3034 priorem
860 2956 894 3012 et
932 2953 1133 3013 conventum

84 3047 210 3123 sinatis,
234 3050 323 3134 qued
347 3051 494 3137 piissime
518 3053 721 3137 inccpcrunt,
738 3050 878 3116 feliciter
900 3070 1134 3115 consummare.

85 3148 176 3214 Scire
199 3149 287 3215 enim
312 3151 440 3217 debetis
463 3154 551 3237 quod
567 3174 707 3238 quorum
730 3152 851 3217 animae
874 3158 984 3217 exulae
1001 3173 1135 3237 corpore

84 3250 118 3313 in
142 3251 308 3319 coelcstcm
331 3254 473 3340 patriam
496 3259 576 3320 mint
597 3260 785 3340 assumpte,
800 3276 934 3340 corpere
957 3253 1135 3320 eorundem

84 3360 199 3419 sancte
221 3353 437 3440 proculdubio
461 3360 541 3421 sunt
564 3355 725 3421 habenda.
765 3355 895 3435 Quibus
919 3355 1136 3441 proculdubio

85 3474 242 3541 magnum
276 3455 316 3520 lit
348 3456 580 3543 pnejudicium
611 3464 647 3522 ct
680 3462 900 3542 contemptus,
927 3478 1002 3523 eum
1034 3456 1137 3521 hone-

85 3554 176 3621 rilicu
206 3554 379 3641 sepultura
408 3558 543 3624 minime
575 3558 807 3625 reconduntur.
857 3558 1001 3623 Tantum
1034 3558 1138 3645 igitur

84 3674 183 3742 super
212 3656 279 3721 hiis
310 3657 447 3735 facialis,
471 3667 509 3725 ut
542 3666 662 3726 cunct-c
685 3660 797 3725 tristia
831 3659 1053 3737 excludentes,
1076 3681 1137 3723 nos

84 3757 269 3825 consolatos
292 3768 404 3826 vestm
426 3762 616 3828 obedientia
643 3762 786 3849 recipere
810 3763 959 3829 valeatis.
1015 3762 1136 3829 Sciatis

84 3860 173 3926 enim
209 3862 295 3948 quod
328 3862 391 3929 bec
422 3865 594 3951 negotium
626 3885 694 3930 non
729 3865 934 3930 intendimus
966 3865 1136 3929 dimittere

85 3962 326 4049 imperfectum.
371 3965 497 4032 anete.
542 3967 669 4033 Datum
704 3968 793 4054 apud
818 3967 1032 4054 chgcham,
1056 3965 1136 4030 xvii.

86 4064 154 4130 kal.
179 4066 332 4154 Augusti.

124 4218 395 4229 .-————--
428 4224 440 4229 -
671 4224 756 4231 -.---
768 4220 1085 4231 --—-—-—-——-

458 4285 465 4317 ¹
448 4223 558 4353 ‘'fi-liis]
572 4284 630 4337 liliis
641 4285 709 4343 elin,
722 4285 778 4337 MS.

375 4522 505 4529 ..—--—
523 4519 681 4529 —-——--
699 4520 838 4528 m.—
