3134 5544
309 702 314 709 ’
389 721 561 773 arrsroua
583 721 760 771 sonarum
785 723 959 772 rncnasu.
1140 709 1204 774 891

153 896 211 981 qui
235 897 271 961 in
293 902 443 962 nostrum
466 897 607 963 dedecus
631 904 666 963 et
700 897 910 985 dispendium
939 902 1014 962 ,tam
1039 897 1211 963 evidenter

152 996 295 1063 falsitati
318 1005 352 1064 et
385 998 523 1064 malitiae
556 999 759 1076 innituntur,
792 999 944 1064 veritatis
978 1005 1100 1064 nostrae
1135 1019 1210 1084 pro·

153 1119 290 1175 cessum,
312 1121 411 1185 quem
433 1100 506 1165 vita
538 1099 657 1165 comite
680 1099 855 1165 defendere
889 1099 1092 1164 intendimus
1123 1100 1210 1163 sicut

148 1199 289 1283 justum,
311 1206 412 1286 prout
443 1201 480 1265 in
512 1222 619 1266 causae
642 1223 816 1288 progressu
850 1201 1025 1286 apparebit
1057 1201 1210 1276 lucidius,

155 1301 257 1367 dante
291 1302 371 1379 Deo,
408 1303 548 1368 subdola
574 1302 818 1368 machinatione
852 1303 1058 1379 subvertant,
1103 1323 1210 1387 neque

155 1403 305 1489 praedicti
341 1404 498 1469 salsitatis
532 1404 594 1468 filii
628 1405 665 1468 in
699 1405 932 1490 impetratione
964 1404 1133 1469 citationis
1158 1404 1209 1469 vel

156 1505 361 1571 executionis
383 1504 525 1590 alicujus
547 1511 664 1571 eontra
686 1527 746 1570 nos
769 1506 984 1591 imposterum
999 1528 1060 1571 sua
1083 1505 1209 1572 callidi·

157 1611 227 1671 tate
264 1607 445 1686 seducant3
479 1607 752 1692 circumspectam
801 1606 1012 1672 dilectionem
1062 1614 1208 1672 vestram

158 1708 298 1772 internis
320 1708 492 1774 affectibus
508 1708 705 1793 requirimus
729 1713 763 1773 et
778 1729 932 1793 rogamus
948 1713 1112 1794 quatenus
1135 1731 1209 1774 cum

158 1809 361 1874 visitationis
383 1814 505 1874 nostrae
540 1808 789 1894 metropoliticae
814 1809 963 1893 occupati
987 1809 1209 1874 sollicitudine

157 1909 300 1974 latebras
334 1931 402 1973 non
436 1930 630 1994 quaeramus,
653 1909 681 1973 si
717 1930 816 1994 quam
852 1916 967 1974 contra
1000 1931 1060 1975 nos
1094 1911 1211 1975 amodo

159 2011 349 2076 citationem
373 2016 433 2075 aut
455 2010 683 2076 executionem
706 2031 765 2095 per
787 2030 846 2075 vos
863 2031 1016 2075 emanare
1032 2011 1212 2097 contingat,

160 2133 233 2177 eam
256 2133 315 2198 per
337 2111 463 2176 domini
486 2132 582 2198 papae
615 2111 775 2176 nuncium
809 2111 846 2174 in
868 2111 992 2198 Anglia
1015 2113 1212 2178 existentem

160 2221 220 2278 aut
261 2213 527 2279 archidiaconum
565 2211 719 2298 aliquem,
756 2212 811 2277 vel
856 2212 928 2297 ejus
966 2212 1146 2289 officialem,
1177 2214 1213 2278 in

161 2314 265 2381 forms
302 2313 431 2379 concilii
466 2312 571 2379 felicis
603 2313 769 2378 memoriae
807 2313 934 2378 domini
973 2313 1138 2400 [Ottonis]
1177 2315 1214 2378 in

161 2416 285 2502 Anglia
300 2416 480 2502 aliqnando
494 2415 617 2502 legati¹
640 2416 712 2479 fieri
727 2416 942 2491 demandetis,
966 2417 1059 2499 cujus
1075 2417 1213 2482 sormam

163 2518 272 2604 quoad
306 2518 475 2583 citationis
509 2517 687 2582 articulum
719 2515 813 2580 vobis
856 2518 1075 2600 pmsentibus
1108 2519 1214 2583 mitti·

164 2644 238 2685 mus
260 2620 483 2695 interclusam,
506 2619 547 2683 de
571 2640 638 2704 qua
669 2618 769 2682 fidem
792 2619 887 2683 vobis
918 2619 1026 2684 facere
1050 2620 1214 2687 informa

157 2724 244 2809 juris
267 2722 436 2786 offerimus
459 2743 518 2785 nos
542 2727 681 2806 paratos.

619 3119 769 3186 Doxal.

163 3270 213 3334 To
229 3271 395 3336 Lmaanr
418 3288 465 3336 na
488 3269 670 3347 Mororum,
688 3268 812 3334 Oaros
836 3286 880 3334 or
904 3270 1024 3336 Soura
1042 3270 1215 3337 Missus.

105 3416 142 3467 '—
211 3422 326 3488 Frater
348 3423 370 3487 J
374 3423 559 3508 [ohannes],
583 3427 653 3498 etc,
669 3421 791 3486 dilecto
813 3421 930 3486 clerico
953 3429 1065 3487 nostro
1082 3422 1216 3489 domino
1232 3420 1379 3552 3112?ssss

162 3523 345 3589 Lamberto
368 3524 409 3589 de
434 3523 626 3610 Moygneto,
650 3523 810 3588 canonico
834 3522 942 3588 South
968 3523 1138 3610 Mallyng’,
1160 3546 1212 3589 sa·
1233 3555 1260 3604 ln
1272 3553 1384 3620 „91720

165 3624 269 3690 lutem
293 3633 353 3690 etc.
399 3625 449 3690 De
472 3626 630 3691 citatione
653 3631 769 3689 contra
791 3645 851 3688 noa
874 3624 965 3689 facta
987 3624 1041 3688 vel
1064 3625 1215 3690 facienda
1232 3619 1365 3672 ⁸⁰l⁸⁸fi⁰¹¹

166 3726 208 3790 ao
232 3727 427 3792 insontium
459 3726 591 3791 abusus
624 3732 659 3790 et
690 3731 874 3791 conventus
899 3725 1106 3791 uscanensis
1129 3727 1216 3791 nino
1232 3688 1353 3803 3832(

167 3830 394 3895 intelleximus
426 3852 467 3894 ex
503 3851 568 3915 quo
600 3851 620 3894 a
652 3829 748 3893 nobis
785 3829 972 3894 recessistis.
1021 3830 1082 3895 Est
1105 3836 1216 3895 tamen
1233 3818 1353 3884 le'·

167 3933 341 3997 consilium
373 3932 564 3997 clericorum
597 3937 784 3996 nostrorum
808 3930 896 4015 quod
918 3930 961 3994 ad
985 3930 1072 3995 diem
1095 3933 1136 3996 de
1152 3955 1219 4018 qua
1234 3910 1269 4028 ξ’.
1278 3908 1391 4027 {¹92⁴b·

168 4034 264 4097 nobis
296 4033 440 4107 dixistis,
472 4031 645 4107 accedatis,
681 4031 738 4095 sed
771 4031 1035 4116 procuratorium
1069 4041 1218 4098 vestrum

168 4157 236 4199 non
258 4134 449 4208 ‹rstendatis
471 4133 529 4198 sed
551 4133 695 4219 aliquem
719 4133 920 4218 praeponatis
943 4134 1001 4217 qui
1024 4155 1084 4198 noa
1107 4134 1219 4200 deson·

171 4238 238 4313 dat,
262 4237 290 4300 si
313 4241 474 4321 appareat
506 4255 566 4298 nos
601 4235 741 4298 citatum
776 4234 819 4298 ab
852 4234 986 4298 homine
1011 4234 1064 4299 vol
1097 4257 1117 4300 a
1144 4237 1221 4321 jure

232 4490 402 4541 consumam
420 4486 490 4537 xxvi.
504 4487 533 4536 ol
552 4487 671 4538 Cardinal
723 4488 805 4551 really
817 4487 921 4550 cervina
933 4488 1002 4537 them
1015 4505 1048 4537 on
1069 4490 1111 4539 the
1131 4507 1222 4554 person

175 4571 244 4619 Otho
253 4570 274 4618 is
285 4569 397 4618 directed
417 4567 518 4632 against
539 4566 583 4614 the
601 4580 672 4628 prac-
723 4566 862 4615 concerned
876 4564 1011 4626 (wilkins,
1023 4566 1039 4615 l.
1051 4571 1124 4628 655).

171 4650 222 4701 tice
235 4648 263 4699 al
272 4646 420 4713 publishing
438 4645 555 4696 citatione
567 4643 673 4693 without
