3134 5544
398 696 567 763 emarcum
589 696 763 745 Jonxxx1s
786 695 960 745 suessan.
1142 680 1207 741 913

151 864 303 947 gratiam,
326 874 361 931 et
383 868 657 935 benedictionem.
704 868 799 932 Licet
822 867 971 932 homines
995 874 1030 932 et
1053 872 1204 931 tenentes
1224 846 1363 975 ffissffix·

156 967 261 1029 nostri
295 975 331 1033 et
372 970 517 1036 eeclesias
560 978 682 1035 nostres
726 968 978 1035 cantuariensis
1011 991 1032 1033 a
1068 973 1203 1053 preesta-
1224 979 1366 1028 aetionsos

153 1066 244 1133 tione
266 1070 440 1151 theolonei,
470 1072 624 1159 stallagii,
645 1073 797 1159 muragii,
821 1073 974 1157 passagii,
997 1078 1032 1137 et
1064 1071 1203 1136 aliarum
1223 1044 1331 1159 {2222}

152 1171 361 1237 exactionum
393 1176 613 1240 consimilium
649 1196 709 1260 per
741 1179 851 1240 totum
888 1196 1025 1260 regnum
1063 1173 1204 1258 Anglim,
1223 1178 1265 1227 me
1278 1178 1337 1227 seer

154 1273 335 1338 seeundum
365 1276 535 1342 libertates
571 1275 668 1341 nobis
705 1282 740 1341 ct
777 1277 921 1343 ecelesiae
959 1282 1081 1339 nostrae
1124 1296 1206 1339 con·
1224 1270 1376 1321 lis-¹¹⁵¹·-

157 1393 272 1450 cessas,
303 1377 372 1443 sint
394 1377 489 1443 liberi
521 1380 654 1463 penitus
687 1386 722 1443 et
754 1379 924 1453 immunes,
947 1385 982 1443 et
1012 1376 1202 1461 hujusmodi

157 1475 310 1542 libertate
333 1478 423 1545 dieta
444 1479 579 1546 ecelesia
601 1485 636 1545 et
659 1486 810 1545 tenentes
834 1479 981 1566 ejusdem
1005 1480 1111 1563 gavisi
1135 1478 1204 1541 sint

156 1576 288 1660 pacifice
311 1599 332 1643 a
354 1586 509 1667 tempere,
523 1581 618 1667 cujus
641 1581 800 1645 memmio
822 1602 888 1645 non
912 1581 1049 1660 existit3
1071 1580 1204 1665 quidam

156 1684 268 1743 nmen
308 1682 505 1766 perditionis
554 1682 616 1747 lilii
657 1683 699 1748 de
749 1682 887 1748 civitate
929 1682 1120 1747 Cantumim
1167 1687 1206 1745 ut

157 1778 391 1861 intelleximus,
436 1790 552 1850 contra
593 1785 672 1870 jura
716 1789 751 1849 et
796 1784 967 1849 libertates
1013 1783 1207 1868 hujusmodi

158 1884 278 1946 temere
317 1885 498 1963 venientes,
535 1908 641 1952 novas
679 1893 714 1952 et
751 1886 902 1951 insolitas
940 1886 1131 1950 exactiones
1165 1885 1208 1950 ab

155 1980 344 2051 horninibus
377 1993 413 2051 et
444 1988 637 2053 tenentibus
669 1988 801 2068 nostris,
837 1994 872 2052 ct
905 1987 1051 2053 eeclesiae
1085 1992 1207 2051 nosue

157 2092 353 2172 extorquere
390 2097 598 2175 praesumunt
636 2090 671 2153 in
709 2090 911 2154 sententiam
943 2088 1209 2153 exeommunica-

158 2187 259 2253 'tionis
293 2190 396 2257 latam
432 2192 468 2255 in
502 2212 614 2257 omnes
646 2191 875 2257 malefactores
912 2190 1106 2273 hujusmodi
1139 2190 1209 2273 ipso

156 2288 246 2355 laeto
269 2291 505 2358 damnabiliter
527 2293 710 2359 incidendo.
758 2294 918 2374 Quocirca
949 2292 1043 2356 vobis
1059 2300 1093 2358 et
1115 2292 1209 2357 cuili-

157 2390 213 2455 bet
236 2400 382 2459 restrum
406 2400 519 2460 tenore
542 2396 756 2481 praesentium
779 2396 1028 2472 committirmrs,
1051 2404 1086 2459 et
1110 2395 1208 2457 lituri-

156 2502 207 2557 ter
244 2496 448 2581 injungendo
478 2497 684 2572 mandamus,
714 2505 879 2582 quatenus
910 2518 1024 2561 omnes
1056 2496 1210 2561 rirnlel'ac-

154 2602 241 2661 tores
263 2596 453 2683 hujusmodi
487 2600 524 2663 in
556 2599 907 2665 excommunicationis
931 2600 1135 2664 sententiam
1160 2598 1210 2659 in·

156 2699 282 2775 cidisse,
305 2708 340 2765 et
362 2702 662 2766 excommunicatos
686 2722 756 2765 esse
789 2701 824 2764 in
847 2722 976 2787 genere,
1000 2701 1037 2763 in
1071 2699 1211 2785 singulis

155 2801 299 2867 eeclesiis
331 2803 480 2869 civitatis
502 2802 696 2869 Cantuarire
728 2803 845 2868 dicbus
878 2802 1054 2868 dominicis
1089 2808 1123 2866 ct
1146 2801 1210 2865 ies-

155 2904 235 2967 tivis
269 2906 358 2970 intra
391 2906 566 2970 missarum
599 2906 760 2971 solemnio
795 2906 986 2971 denunciari
1022 2904 1154 2990 publice
1177 2909 1212 2967 et

155 3004 345 3071 solemniter
376 3006 516 3071 faciatis.
565 3008 610 3071 Et
643 3008 723 3093 quia
751 3007 941 3072 «Iohannem
981 3006 1111 3072 dictum
1142 3006 1212 3084 An-

153 3105 243 3183 dreu,
266 3114 302 3172 et
337 3108 553 3172 Edmundum
577 3108 617 3173 de
650 3108 779 3173 Thema
812 3108 852 3173 de
887 3107 982 3175 Oant'
1006 3130 1105 3193 super
1127 3127 1210 3192 pne

155 3209 261 3273 missis
286 3231 343 3295 per
373 3210 612 3274 confessionem
635 3232 729 3275 suam
753 3231 862 3275 eoram
886 3210 983 3274 nobis
1017 3210 1141 3275 laetam
1175 3208 1210 3271 iu

149 3310 276 3393 judicio
298 3313 467 3378 convictos
489 3313 793 3398 pronuntiavimus,
813 3312 951 3397 justitia
985 3313 1148 3398 exigente,
1173 3332 1211 3374 ac

155 3412 255 3476 etiam
279 3414 366 3499 ipsos
400 3415 436 3477 in
468 3414 660 3500 praedictam
694 3414 1046 3480 excommunicationis
1077 3420 1209 3477 senten·

154 3514 236 3578 tiam
269 3515 441 3594 incidisse,
475 3516 570 3581 vobis
603 3516 808 3591 mandamus,
832 3522 997 3601 ‹piraterms
1029 3517 1117 3600 ipsos
1151 3514 1209 3577 Jo-

154 3615 297 3682 hannem
339 3624 374 3682 et
421 3618 634 3683 Edmundum
671 3619 869 3683 nominatim
908 3617 1210 3684 excommunicatos

153 3742 222 3783 esse
239 3722 274 3784 in
289 3721 429 3807 singulis
452 3720 597 3786 ecclesiis
619 3721 768 3786 civitatis
787 3721 882 3787 Cant.
901 3721 1019 3785 dicbus
1035 3719 1209 3784 dominicis

154 3830 189 3886 et
228 3822 355 3887 festivis
394 3823 482 3887 intra
520 3822 693 3887 missarum
731 3822 891 3887 solemnia
928 3822 1146 3895 denuncietis,
1174 3828 1208 3885 et

155 3924 283 3990 faciatis
305 3947 364 4011 per
386 3925 467 3989 alios
490 3925 621 4011 publice
643 3932 678 3990 et
708 3924 899 3990 solemniter
921 3925 1081 3997 nuncin-i,
1105 3925 1209 3990 donec

154 4026 348 4091 beneficium
371 4026 589 4091 absolutionis
612 4028 647 4090 in
670 4027 776 4091 forma
805 4026 892 4111 juris
915 4027 1098 4089 inseruerint
1122 4026 1211 4088 obti-

154 4150 240 4194 nere.
279 4128 319 4191 In
342 4127 407 4192 hiis
430 4136 542 4193 autem
566 4128 768 4213 exequendis
791 4149 878 4191 rinus
895 4136 1043 4192 vestrum
1066 4129 1208 4192 alterum

155 4252 222 4294 uon
245 4236 405 4316 expectet.
453 4230 497 4294 Et
519 4229 599 4314 «prid
624 4230 766 4295 feceritis
801 4230 836 4292 in
860 4231 1048 4315 perinissis,
1072 4237 1106 4293 et
1129 4251 1208 4313 qim·

156 4332 238 4398 libet
283 4332 536 4418 permissorum,
581 4331 676 4395 nobis
721 4331 807 4396 citra
845 4332 970 4396 festum
1013 4331 1209 4416 Epiphaniae

158 4494 471 4505 ——n———a----—-
708 4494 832 4503 ’‘fl-¹·-

428 4584 433 4611 ¹
455 4582 558 4633 l'rinted
570 4582 596 4631 in
608 4581 731 4633 Wilkins’
744 4581 868 4644 l'enrilia,
880 4581 906 4633 ii.
922 4587 977 4633 12³.
