3134 5544
397 749 766 801 :numennumen
788 752 965 801 ancum.
1140 741 1206 808 887

153 954 189 1011 et
211 950 379 1037 magistris
411 952 602 1038 regentibus
625 952 660 1014 iu
683 951 808 1027 eadem,
831 951 982 1028 sulutem,
1004 953 1148 1039 gratiam
1172 956 1207 1016 et
1222 945 1360 1062 {33:5⁸⁰

153 1045 425 1118 benedictionem.
471 1051 574 1132 Quasi
612 1053 786 1138 reciprocae
826 1052 994 1118 relationis
1031 1054 1204 1119 affectibus
1220 1029 1383 1130 orffioeffi

152 1152 274 1215 vestris
312 1152 513 1238 profectibus
545 1152 684 1238 alligati,
720 1154 777 1238 qui
813 1153 938 1218 dudum
978 1156 1073 1219 vobis
1107 1155 1200 1220 filiali
1219 1175 1284 1226 Rs.
1297 1181 1353 1228 uc.

154 1256 341 1320 reverentia
395 1255 618 1331 nectebamur,
664 1276 752 1321 nunc
809 1262 920 1320 autern
973 1258 1121 1342 paternis
1167 1264 1203 1323 et
1219 1269 1286 1320 M.
1299 1272 1356 1320 raa.

154 1355 313 1419 maternis
350 1377 410 1420 vos
441 1356 622 1421 visceribus
653 1356 885 1442 amplectimur
917 1363 986 1422 toto
1021 1379 1122 1443 posse,
1161 1358 1202 1423 de

155 1461 268 1519 vestra
296 1478 411 1522 sumus
433 1457 675 1543 tranquillitate
697 1456 841 1533 solliciti,
863 1457 948 1522 nihil
969 1481 992 1525 a
1021 1460 1116 1524 vobis
1138 1461 1204 1524 uisi

155 1555 219 1621 Dei
255 1558 395 1644 gloriam
428 1566 649 1647 expectantes
710 1559 885 1625 Cernimus
918 1562 1006 1625 enim
1039 1583 1060 1626 a
1093 1568 1204 1627 vestro

155 1658 286 1725 radiare
316 1661 454 1748 collegio
488 1661 690 1748 prelationis
721 1661 889 1737 honorem,
912 1662 1025 1727 lumen
1056 1664 1204 1729 scientiae

155 1768 191 1825 et
213 1761 381 1849 religionis
411 1763 614 1830 scholastieoe
636 1764 864 1850 disciplinam,
893 1787 952 1852 pro
978 1772 1067 1831 oeno
1090 1772 1206 1831 tenen·

156 1874 206 1933 tes
228 1870 316 1955 quod
339 1871 436 1934 istius
458 1871 621 1956 tripartiti
643 1871 802 1956 genuinis
824 1871 898 1935 fons
913 1894 982 1937 esse
1004 1893 1072 1936 uon
1095 1879 1206 1958 potest

155 1970 221 2034 nisi
242 1972 570 2058 supersubstantialis
592 1972 737 2038 Trinitas
760 1972 941 2039 benedicta.
972 1973 1079 2039 Tanto
1102 1975 1206 2060 igitur

154 2080 296 2150 auctore,
312 2074 373 2139 filii
395 2074 563 2150 canssimi,
586 2075 783 2160 congregati,
807 2096 960 2160 rogamus
975 2083 1010 2140 et
1031 2075 1207 2140 hortamur

155 2196 216 2260 per
237 2176 364 2240 viscera
384 2174 466 2240 Jesu
490 2173 617 2240 Christi
639 2196 681 2237 ne
704 2174 745 2238 ad
771 2174 899 2239 discidii
917 2175 970 2240 vel
993 2176 1206 2240 dissensionis

155 2275 346 2341 scandalum
384 2277 458 2341 sitis
496 2277 600 2362 proni.
670 2275 729 2340 Vae
767 2277 854 2340 euim
894 2276 941 2339 illi
983 2277 1110 2341 homiui
1148 2298 1207 2362 per

155 2399 252 2462 quem
276 2377 412 2441 honoris
435 2376 584 2461 dejectio,
608 2377 770 2441 extinctio
802 2376 939 2441 luminis
971 2384 1006 2442 et
1037 2377 1206 2463 religionis

155 2488 259 2545 tantae
294 2479 439 2544 divulsio
461 2480 594 2543 orietur.
641 2478 728 2558 Quia
751 2479 864 2565 igitur,
886 2480 1055 2554 carissimi,
1078 2481 1206 2544 carissi-

155 2604 229 2647 mus
267 2582 372 2647 frater
408 2590 522 2675 noster
553 2581 793 2646 lincolniensis
826 2582 999 2666 episcopus
1034 2582 1070 2645 in
1108 2583 1207 2646 motis

155 2693 272 2751 contra
302 2707 363 2749 vos
396 2683 634 2770 questionibus
664 2683 750 2767 juris
784 2685 967 2747 cummunis
1002 2691 1040 2747 ut
1072 2685 1207 2749 videtur

155 2794 272 2855 eontra
293 2809 354 2852 vos
376 2788 503 2875 tegitur
525 2793 715 2866 armatura3
737 2793 772 2851 et
795 2807 853 2849 vos
877 2794 1010 2851 econtra
1032 2793 1208 2852 consuetu·

155 2891 249 2956 dines
271 2890 488 2976 praetenditis,
511 2910 593 2975 quas
622 2889 752 2974 jurasse
774 2910 833 2952 vos
864 2888 983 2964 dicitis,
1000 2889 1087 2974 juris
1120 2910 1207 2955 com·
1275 2921 1281 2931 ·

156 2994 269 3058 munis
291 3000 330 3056 ut
351 2991 476 3057 dicitur
498 2990 622 3078 regulis
655 2996 886 3077 repugnantes,
910 3011 985 3055 eum
1018 2997 1133 3056 oontra
1151 2991 1208 3076 jus

156 3115 328 3161 commune
366 3094 402 3157 in
440 3092 586 3178 ejusdem
633 3090 862 3177 praejudicium
906 3091 991 3155 nulli
1037 3114 1071 3156 se
1110 3092 1209 3158 liceat

157 3197 312 3283 obligare,
334 3197 415 3281 quin
439 3195 550 3280 potius
583 3193 750 3258 decretum
785 3193 821 3256 in
852 3192 975 3258 talibus
1007 3194 1053 3258 sit
1074 3201 1208 3259 mutan-

157 3299 257 3377 dum;
286 3317 440 3384 rogamus
478 3316 537 3359 vos
574 3294 694 3359 affectu
733 3315 798 3379 quo
836 3316 1009 3379 possumus
1047 3295 1209 3381 ampliori,

158 3407 330 3486 quatenus,
353 3398 431 3464 licet
452 3396 548 3461 robis
571 3396 606 3459 iu
624 3397 700 3481 jure
724 3409 833 3461 vestro
857 3397 963 3480 parati
986 3397 1089 3461 simus
1112 3398 1208 3462 assis·

158 3510 227 3569 tere
263 3509 301 3566 ut
334 3508 494 3574 tenemur,
517 3498 707 3563 humilitate
731 3503 842 3562 vestra
865 3505 1011 3562 vestrum
1046 3500 1208 3565 studeatis

158 3606 356 3689 episcopum,
380 3602 489 3665 virum
525 3599 641 3683 utique
675 3597 949 3674 valentissimum,
981 3600 1151 3675 honorare,
1174 3607 1209 3666 et

159 3707 264 3793 ipsius
286 3704 461 3789 implorare
483 3701 637 3786 gratiam,
660 3700 718 3784 qui
749 3698 844 3763 vobis
878 3707 988 3785 potest
1011 3724 1078 3765 nou
1101 3703 1209 3767 solum

159 3808 304 3873 infacto
337 3804 440 3870 studii
465 3803 566 3867 vestri
600 3801 658 3866 sed
692 3807 726 3865 et
750 3801 785 3864 in
817 3802 931 3866 multis
962 3804 1036 3867 aliis
1068 3805 1209 3869 existere

158 3910 354 3974 fructuosus
401 3905 496 3969 Etsi
519 3925 579 3967 vos
601 3902 831 3967 consuetudini
862 3903 931 3987 juri
964 3906 1136 3969 contrariae
1160 3906 1209 3969 in·

157 4011 329 4082 haerentes,
344 4006 436 4071 nullo
459 4004 554 4068 vobis
577 4003 805 4088 patrocinante
828 4004 1004 4088 superioris
1027 4006 1210 4091 privilegiu,

160 4132 285 4199 organa
307 4107 540 4193 simpendatis3
574 4105 704 4170 dicetur
726 4104 944 4189 proculdubio
974 4129 1039 4171 uon
1065 4109 1127 4194 ipsi
1152 4131 1211 4194 pro

154 4217 230 4302 jure
253 4213 366 4299 agenti
399 4207 480 4273 aed2
503 4207 597 4272 vobis
625 4208 695 4291 juri
730 4207 973 4294 refragantibus
1004 4232 1072 4275 esse
1107 4211 1209 4275 studii

160 4314 343 4403 perieulum
369 4309 613 4395 imputandum.
656 4308 881 4373 Advertentcs
904 4311 1007 4396 igitur
1030 4313 1117 4396 quod
1142 4314 1211 4398 ipse

159 4417 348 4484 humilitate
370 4413 516 4478 flectitur
539 4419 573 4477 et
596 4417 733 4497 patemo
757 4433 816 4475 vos
848 4413 968 4478 affectu
992 4417 1210 4500 prosequitur,

421 4618 429 4649 ¹
447 4619 552 4669 Printed
563 4617 589 4667 iu
601 4616 721 4667 Wilkins'
734 4615 855 4675 coucilia,
867 4616 892 4666 ii.
907 4622 965 4667 11³.

417 4685 427 4718 ¹
443 4683 500 4751 aad]
515 4700 552 4742 re,
563 4685 598 4734 A.
