3134 5544
402 701 572 751 srrsromu
594 701 768 751 sommus
791 701 966 751 rucuusu.
1140 688 1206 751 893

152 886 189 951 in
211 886 287 953 sliis
310 886 525 974 tangentibus
547 888 719 973 negotium
742 892 902 963 nostrum,
933 887 1122 953 certificetis
1146 908 1207 952 nos

153 1011 213 1075 per
235 991 448 1076 praesentium
471 990 676 1075 portitorem,
698 990 812 1056 debite
834 990 999 1075 recepturi
1028 990 1071 1055 sd
1094 990 1207 1076 proxi-

154 1114 243 1156 mam
258 1092 346 1157 diem
364 1092 443 1157 litis.
489 1090 628 1178 Copism
643 1093 940 1157 instrumentorum
964 1098 998 1157 et
1020 1098 1095 1158 ectu
1111 1092 1208 1157 nobis

155 1193 300 1259 mittetis
333 1215 391 1279 per
414 1194 630 1279 praesentium
653 1194 846 1279 portitorem
880 1194 970 1280 apud
1002 1215 1061 1259 vos
1094 1200 1207 1259 tumen

154 1294 403 1360 remanentibus
418 1294 625 1380 exemplatio.
672 1294 718 1359 ln
739 1296 768 1358 si
790 1294 876 1359 sorte
899 1295 1105 1381 casualiquo
1128 1317 1208 1361 cou-

155 1398 301 1481 tingeret
332 1416 391 1459 vos
423 1417 444 1460 s
491 1395 629 1461 civitate
667 1395 725 1459 ills
762 1396 919 1473 recedere,
951 1397 1040 1482 quod
1078 1402 1210 1462 avertet

158 1497 330 1573 Dominus,
361 1498 585 1562 instrumenta
627 1497 700 1582 ipsc
732 1498 884 1584 gerdisni
917 1498 1076 1564 custodiae
1110 1499 1209 1564 relin-

157 1601 274 1688 quatis
320 1601 446 1666 Datum
469 1602 559 1687 apud
583 1600 848 1687 Suthemallyng,
871 1600 945 1667 etc.¹

602 1992 773 2061 DCXLII.

198 2145 248 2212 To
271 2163 341 2211 rus
364 2144 531 2210 Orneus
554 2161 598 2210 or
620 2161 689 2209 risu
714 2144 846 2209 Brsnor
870 2162 913 2210 ou
937 2146 1170 2213 omem-mm

208 2301 324 2365 Frater
347 2298 555 2383 J[oha1mes],
578 2304 647 2374 etc,
674 2297 795 2363 dilecto
818 2297 887 2362 filio
910 2299 1068 2386 magistro
1091 2299 1218 2365 Willel·
1277 2314 1360 2387 12⁸5..

163 2423 216 2466 mo
240 2401 282 2466 dc
304 2400 506 2484 Cmceroys',
521 2398 653 2464 officiali
676 2400 802 2464 domini
827 2450 966 2466 .....
991 2400 1218 2486 Cycestreusis
1234 2375 1392 2494 {0²23ss

163 2503 315 2589 episcopi,
338 2501 479 2567 salutem
502 2501 645 2587 gretiam
662 2506 698 2565 et
719 2500 990 2569 benedictionem.
1038 2503 1125 2583 Quia
1147 2555 1154 2568 .
1178 2554 1186 2569 .
1210 2511 1278 2586 Alpe
1286 2460 1362 2558 1dreh-

163 2604 426 2691 srchiepiscopus
450 2603 665 2668 Eborscensis
697 2624 788 2668 nuuc
818 2625 1024 2669 commorans
1056 2604 1093 2670 iu
1115 2605 1217 2692 pcrti-
1234 2573 1384 2692 ssssffi,

164 2708 226 2770 bus
250 2706 441 2779 Galliarum,
464 2705 619 2790 proponit
641 2704 677 2767 iu
700 2705 803 2785 brevi,
830 2711 866 2770 ut
889 2705 1019 2785 dicitur,
1042 2709 1083 2772 ed
1108 2714 1217 2794 partes
1234 2707 1353 2786 mnying

165 2808 369 2894 Anglicenes
392 2805 555 2882 secedere,
588 2812 624 2870 et
648 2806 684 2869 iu
708 2806 920 2892 Cycestrensi
954 2809 1094 2875 dioecese
1128 2810 1218 2875 clun·
1233 2776 1359 2891 {mnes

165 2910 293 2975 destiue
316 2908 500 2995 applicsre;
532 2907 724 2973 discretioni
756 2915 877 2974 vestrae
911 2911 1150 2977 committimus
1184 2915 1219 2976 et
1233 2906 1342 3024 1¹¹th

167 3011 305 3075 firmiter
338 3008 542 3094 injungendo
573 3008 779 3085 mundamus,
812 3017 975 3095 quatenus
1007 3014 1043 3077 in
1077 3013 1218 3099 singulis
1234 2988 1347 3089 ,issffi

166 3114 311 3181 ecclesiis
353 3113 458 3198 ipsius
493 3111 645 3177 dioecesis
677 3111 871 3178 denunciari
912 3115 1044 3200 publice
1079 3116 1219 3191 fecistis,
1234 3105 1345 3222 3:⁰⁸²?

167 3225 207 3282 ut
229 3215 341 3280 nullus
365 3213 502 3279 clericus
534 3234 592 3277 seu
615 3212 720 3277 laicus
753 3214 853 3279 diotre
888 3214 1038 3282 dioecesis
1070 3217 1219 3303 praedicti
1238 3187 1372 3307 9311&

167 3369 207 3386 ..
231 3368 238 3384 .
263 3315 499 3401 archiepiscopi
523 3314 787 3381 benedictionem
808 3316 975 3394 admittat,
998 3326 1221 3406 supponentes

168 3420 281 3485 omnis
311 3418 383 3484 loca
419 3438 478 3502 per
523 3437 598 3502 quse
632 3418 742 3502 ipsum
780 3438 855 3483 cum
887 3440 982 3486 cruce
1021 3443 1082 3487 sus
1114 3428 1223 3487 erecte

169 3521 310 3587 transire
348 3518 532 3604 contigerit,
566 3517 785 3584 ecclesiastico
816 3520 1001 3587 interdicto.
1057 3523 1224 3589 Monestis

169 3624 303 3709 insuper
326 3620 398 3686 vice
421 3625 456 3684 et
477 3619 677 3686 auctoritate
708 3627 822 3686 nostre
855 3622 1004 3707 bajulum
1028 3624 1133 3689 crucis
1156 3647 1224 3690 suos

170 3732 209 3790 ut
232 3726 336 3810 ipsum
361 3728 503 3787 erectum
526 3742 594 3786 nou
616 3721 744 3786 deferat
766 3743 826 3807 per
848 3731 996 3789 nostram
1020 3726 1225 3811 provinciam

171 3826 224 3891 vel
247 3826 429 3899 dioecesem,
453 3824 562 3909 ipsum
594 3824 623 3886 si
657 3825 859 3889 contrarium
881 3825 998 3891 fecerit
1029 3848 1088 3911 per
1111 3849 1225 3892 censu·

171 3950 241 3993 rem
280 3925 531 3992 eeclesiasticam
576 3927 818 4010 compescendo
890 3927 935 3992 Et
968 3927 1074 3994 adhoc
1112 3951 1226 3995 omnes

172 4036 313 4095 rectores
336 4027 545 4093 ecclesiarum
567 4032 603 4091 et
627 4027 768 4092 vicarios
800 4033 836 4093 et
867 4029 1053 4094 secerdotes
1076 4031 1226 4097 ecelesia-

172 4152 245 4194 rum
280 4128 426 4215 regimen
474 4127 643 4203 hebentes,
685 4132 719 4192 et
766 4130 866 4193 etism
916 4129 1057 4195 decanos
1103 4132 1227 4197 rurales

173 4232 314 4297 fideliter
345 4229 540 4305 informetis,
564 4230 777 4315 injungentes
812 4231 936 4296 eisdem
972 4238 1012 4296 ut
1043 4231 1131 4298 siout
1153 4254 1230 4298 uos·

174 4344 259 4400 trem
281 4333 449 4398 voluerint
472 4333 580 4396 vitare
603 4331 768 4409 offensam,
793 4333 884 4398 istud
907 4339 1061 4398 nostrum
1092 4335 1230 4399 maudu-

211 4535 297 4585 *This
327 4535 385 4583 date
410 4532 431 4580 is
455 4532 480 4581 iu
504 4533 540 4596 Δ,
562 4535 609 4583 but
632 4541 676 4582 not
763 4532 897 4582 ¹Printed
919 4533 945 4583 in
966 4534 1087 4584 wilkins
1103 4534 1223 4587 concilis

175 4615 200 4665 iu
214 4617 245 4665 R.
729 4609 755 4662 ii.
769 4615 824 4661 119.
