3134 5544
397 745 567 796 armona
588 744 773 795 JOHANNIS·
785 746 962 796 Pacullam.
1136 734 1201 796 895

592 997 773 1063 DOXLIV.

233 1143 283 1210 Το
308 1144 471 1213 Wrmrau
494 1147 680 1226 Datianus,
703 1148 828 1215 CANON
851 1165 895 1212 or
920 1147 1117 1213 Haanroao

200 1304 316 1371 Frater
337 1307 359 1372 J
363 1308 546 1394 [ohannes]‚
569 1316 641 1387 etc,
671 1309 806 1375 domino
833 1309 1001 1375 Willelmo
1024 1308 1203 1392 Daubeny,
1265 1323 1336 1370 raas.

151 1408 308 1474 canonico
331 1409 513 1487 Hereford'‚
535 1411 688 1488 salutem,
719 1418 780 1477 etc.
828 1411 917 1492 Quia
948 1412 989 1475 de
1021 1411 1118 1474 bonis
1142 1414 1206 1473 tes-
1224 1387 1350 1503 Dgnissy·

154 1511 294 1576 tumenti
330 1513 530 1579 venerabilis
564 1514 629 1578 viri
665 1515 820 1600 magistri
844 1513 1001 1600 Hugonis
1024 1513 1065 1577 de
1089 1509 1207 1576 Canti·
1225 1519 1317 1596 himto

153 1608 241 1697 lupo,
264 1614 432 1698 quondam
467 1614 692 1681 archidiaconi
716 1615 915 1692 Gloveruiae,
946 1636 1020 1700 quae
1054 1614 1098 1678 ad
1130 1634 1204 1677 nos·
1223 1583 1379 1716 ffilssolle

154 1718 240 1777 tram
267 1714 546 1802 dispensationem
575 1724 808 1804 pervenerunt,
832 1718 956 1804 viginti
991 1718 1093 1781 libras
1124 1722 1205 1780 ster·
1223 1717 1320 1768 orthe-

155 1813 320 1901 lingorum
344 1818 501 1884 distribui
528 1820 689 1905 jussimus
713 1821 748 1884 in
779 1820 991 1886 necessitates
1015 1840 1206 1905 pauperum,
1223 1783 1347 1915 ffigg
1471 1822 1478 1836 '

155 1938 254 2001 quam
278 1919 547 1986 distributionem
571 1943 631 2007 per
664 1920 922 1987 sollicitudinem
945 1921 1058 1986 fratris
1081 1915 1371 2032 richau-12:22¹&

156 2017 208 2081 nis
240 2019 281 2084 de
314 2020 414 2087 Clara
445 2023 613 2107 quondam
644 2023 832 2088 executoris
876 2023 1026 2108 praedicti
1058 2021 1207 2086 defuncti
1224 2051 1321 2098 dercon
1334 2047 1365 2098 os

155 2120 310 2187 volumus
352 2125 530 2209 procurari,
568 2131 669 2210 prout
706 2125 737 2189 ei
777 2125 986 2210 injunximus
1024 2124 1208 2188 ministerio
1224 2115 1306 2230 {³0¹⁸}ss

157 2223 245 2288 vivm
268 2224 376 2303 vocis;
399 2224 495 2290 vobis
527 2225 725 2291 mandamus
748 2233 913 2311 quatenus
948 2249 1003 2291 xx.
1035 2226 1135 2290 libras
1167 2225 1208 2289 dc
1225 2274 1257 2324 R·
1271 2272 1288 2322 t
1303 2276 1358 2322 115·

156 2323 251 2389 bonis
286 2324 366 2390 dicti
400 2327 549 2392 defuncti
584 2349 660 2414 quae
694 2327 826 2392 habetis
850 2328 886 2392 in
919 2327 1081 2403 manibus,
1109 2326 1208 2391 alicui

156 2425 230 2490 viro
252 2426 352 2504 fideli,
376 2449 474 2514 quem
498 2428 592 2493 vobis
614 2429 724 2494 dictus
746 2429 850 2494 frater
873 2429 1043 2494 «lohannes
1074 2427 1210 2493 duxerit

156 2526 406 2605 nominandum,
429 2550 488 2614 per
519 2530 689 2615 proprium
721 2530 881 2595 nuncium
906 2536 1054 2595 vestrum
1078 2529 1209 2595 faciatis

156 2631 242 2697 citra
262 2628 488 2696 Nativitatem
512 2630 609 2696 Beati
631 2631 797 2697 Jobannis
820 2632 983 2717 Baptistae
1005 2633 1094 2717 apud
1119 2630 1208 2696 Oxo-

156 2732 247 2798 niam
261 2732 333 2798 aine
357 2754 457 2798 morae
472 2732 647 2820 dispendio
669 2734 840 2819 assignari.
875 2733 1102 2799 Nihilominus
1125 2733 1210 2799 citra

158 2832 279 2899 festum
313 2833 515 2901 Natiuitatis
538 2834 687 2922 Virginis
718 2836 868 2921 gloriosae
902 2836 1037 2901 venturi
1071 2836 1115 2902 ad
1149 2857 1209 2900 nos

157 2937 358 3022 ubicumque
380 2937 549 3015 fuerimus,
565 2943 605 3003 ut
619 2939 660 3003 de
683 2938 848 3004 solutione
863 2938 988 3003 residui
1011 2939 1208 3003 ordinemus

158 3036 341 3102 Honestius
365 3039 453 3103 enim
472 3039 662 3124 judicamus
685 3044 777 3104 motu
802 3047 916 3105 nostro
932 3039 1064 3126 proprio
1087 3039 1209 3105 famili-

157 3140 259 3206 ariter
292 3162 352 3205 vos
394 3162 511 3206 vocare
543 3163 642 3227 quam
687 3141 841 3207 citatorio
879 3142 990 3207 edicto
1025 3164 1084 3207 vos
1116 3143 1211 3207 velut

159 3247 357 3307 extraneum
392 3263 459 3307 non
492 3242 563 3307 sine
587 3248 668 3308 nota
698 3242 816 3328 aliqua
847 3242 1038 3322 molestari;
1077 3248 1208 3308 tantum

156 3342 233 3408 inde
257 3340 414 3408 facientes
447 3354 486 3408 ut
509 3343 550 3408 de
584 3350 726 3429 utroque
748 3349 879 3430 gratam
915 3344 1114 3409 fidelitatem
1137 3366 1211 3408 ves-

158 3449 244 3510 tram
276 3444 456 3509 debeamus
490 3444 609 3510 merito
641 3446 878 3511 commendare.
927 3445 971 3509 Et
1003 3468 1044 3510 ne
1069 3468 1128 3532 pro
1155 3446 1209 3510 de-

157 3545 246 3612 fectu
270 3546 506 3632 aoquietautiae
529 3547 728 3613 solutionem
745 3549 844 3613 dictae
860 3549 1011 3633 pecunia
1027 3548 1211 3621 retardetis,

159 3648 276 3713 damus
310 3648 469 3734 magistro
500 3648 634 3714 Hervco
664 3649 705 3714 de
729 3648 862 3724 Saham,
889 3649 1034 3712 auditori
1068 3649 1212 3733 compoti

160 3749 262 3814 vestri
286 3748 446 3814 debonis
477 3749 559 3814 dicti
594 3749 752 3826 defuncti,
777 3750 916 3816 Oxoniae
940 3751 1152 3815 commoranti
1178 3758 1213 3815 et

161 3851 299 3937 regenti,
322 3856 357 3916 et
387 3851 547 3937 gardiano
570 3850 725 3916 Fratrum
751 3853 917 3916 Minorum
941 3852 981 3916 de
1016 3854 1140 3930 eadem,
1163 3859 1212 3916 te·

160 3973 239 4018 nore
272 3952 483 4037 praesentium
507 3957 705 4038 potestatem
738 3959 778 4017 ut
811 3952 920 4016 soluta
951 3952 1041 4018 dicta
1073 3954 1213 4038 pecunia

161 4053 196 4118 in
218 4054 324 4119 forma
357 4053 505 4139 praefata,
529 4055 661 4140 plenam
684 4054 780 4119 vobis
803 4054 931 4119 faciant
953 4054 1210 4140 acquietantiam

160 4154 201 4219 de
224 4154 346 4219 eadem.
392 4153 519 4219 Datum
542 4154 632 4241 apud
655 4153 829 4231 banhem,
853 4155 888 4220 ii.
912 4176 987 4219 non.
1012 4155 1102 4232 Maii,
1126 4177 1213 4220 anno

163 4254 296 4320 Domini
322 4272 533 4333 uoeaxxxu,
557 4256 776 4323 ordinationis
799 4262 919 4322 nostrae
942 4257 1090 4343 septimo.
