3134 5544
407 748 578 798 massona
599 746 774 796 tonsurus
799 746 973 798 reomau.
1147 732 1212 799 907

158 922 281 981 nostrae
304 916 455 982 dioecesis
489 916 619 981 faciatis
651 937 791 1002 perros
824 922 859 981 et
891 938 949 1002 per
980 918 1064 983 alios
1098 940 1211 984 omnes

158 1017 310 1083 subditos
348 1024 479 1081 nostros
517 1017 558 1081 de
595 1017 748 1102 praedicti
786 1016 1024 1104 archiepiscopi
1063 1020 1210 1083 transitu

158 1118 360 1204 praemuniri.
410 1117 606 1183 Inhibentes
637 1118 685 1181 eis
716 1117 902 1183 districtius
936 1119 998 1184 sub
1030 1142 1130 1205 poena
1152 1141 1210 1184 ex·

158 1218 473 1297 communicationis
497 1220 533 1283 in
556 1240 656 1304 quum
680 1218 830 1283 incidant
853 1220 924 1305 ipso
946 1221 1033 1285 facto
1068 1221 1210 1286 scienter

156 1323 358 1386 contrarium
380 1327 630 1408 attemptantes
653 1321 750 1386 nobis
773 1322 981 1388 absolutione
1016 1322 1209 1410 hujusmodi

156 1423 329 1487 sententia
367 1428 543 1500 reservata
582 1443 625 1486 ne
659 1423 733 1507 quis
771 1423 813 1487 ad
844 1424 916 1509 ejus
947 1424 1209 1490 benedictionem

157 1523 211 1587 vel
247 1524 394 1610 aliquam
433 1525 463 1589 ei
513 1523 734 1588 exhibendam
778 1525 1000 1590 reverentiam
1048 1526 1208 1611 quamdiu

156 1646 284 1690 crucem
331 1633 474 1690 erectam
510 1626 702 1711 portaverit,
740 1648 775 1691 se
813 1626 959 1692 inclinet.
1022 1627 1209 1693 Inhibeatia

157 1727 292 1813 insuper
313 1729 376 1793 sub
399 1728 512 1792 eadem
536 1728 704 1793 sententia
726 1730 1083 1806 excommunicationis
1108 1752 1207 1815 quam

156 1851 198 1893 ex
221 1850 310 1894 nunc
333 1830 367 1893 in
391 1830 456 1893 hiis
478 1830 611 1914 scriptis
644 1830 781 1894 ferimus
816 1831 852 1894 in
887 1832 1089 1896 contrarium
1128 1832 1207 1897 faci-

156 1938 258 2007 entes,
281 1954 321 1996 ne
353 1933 428 2018 quis
461 1934 491 1997 ei
524 1933 560 1996 in
593 1932 655 1997 hac
689 1940 805 1999 nostra
837 1940 872 1997 et
906 1934 1051 1999 ecclesiae
1086 1941 1207 2000 nostrae

155 2032 279 2117 injuria
294 2033 416 2098 audeat
432 2039 587 2119 prestare
603 2033 785 2109 consilium,
798 2035 962 2099 auxilium
979 2037 1032 2101 rel
1048 2036 1206 2102 favorem.

156 2135 186 2198 Α
209 2136 330 2221 quibus
352 2137 530 2201 sententiis
553 2144 688 2202 tantum
711 2138 820 2223 excipi
846 2139 1000 2203 volumus
1030 2162 1140 2226 regem
1173 2145 1207 2205 et

156 2238 304 2323 reginam
334 2260 372 2303 ac
405 2238 525 2303 liberos
557 2238 744 2304 eorundem.
800 2239 1034 2304 Praemuniatis
1072 2243 1208 2327 insuper

155 2346 307 2417 rectores,
346 2341 495 2418 vicarios,
533 2340 720 2427 capellanos
757 2342 928 2407 saeculares
966 2348 1001 2406 et
1038 2342 1207 2429 religiosos

155 2462 268 2506 omnes
290 2450 324 2507 et
347 2443 494 2528 singulos
517 2453 640 2508 nostrae
659 2443 909 2529 jurisdictionis,
932 2450 971 2509 ut
993 2445 1109 2510 missas
1138 2467 1206 2511 non
1267 2470 1273 2480 ·

155 2544 330 2619 celebrent,
368 2566 544 2630 campanas
581 2566 649 2609 non
687 2545 829 2631 pulsent,
864 2567 924 2610 nec
957 2546 1069 2631 aliqua
1107 2547 1206 2612 eccle-

155 2647 288 2712 siastica
310 2654 486 2712 exerceant
509 2647 615 2712 officia
637 2648 672 2711 in
696 2647 775 2713 locis
798 2649 841 2714 ad
875 2671 949 2733 quae
981 2649 1206 2728 declinaverit,

155 2749 207 2813 vel
231 2749 266 2813 in
290 2749 410 2834 quibus
442 2750 648 2814 descenderit
681 2756 877 2827 moraturae,
909 2773 981 2835 qum
1013 2752 1085 2837 ipso
1119 2752 1206 2818 facto

155 2874 197 2915 ex
219 2850 319 2937 hujus
342 2852 490 2917 mandati
515 2853 647 2917 decreto
670 2853 830 2937 quamdiu
864 2853 910 2916 ibi
944 2875 1067 2919 moram
1091 2855 1206 2922 fecerit

154 2954 372 3020 ecclesiastico
410 2954 626 3040 supponimus
657 2955 843 3019 interdicto.
904 2955 1116 3042 Praeeipimus
1154 2959 1203 3022 in-

154 3076 252 3139 super
290 3061 331 3119 ut
368 3055 396 3119 si
435 3054 581 3140 aliquam
622 3055 790 3120 ecclesiam
830 3055 913 3120 velit
950 3057 1078 3141 ingredi
1117 3059 1204 3123 idem

153 3153 416 3241 archiepiscopus
439 3163 561 3220 nostrie
580 3155 825 3239 jurisdictionis
848 3178 941 3222 cruce
965 3164 1082 3234 erecta,
1119 3161 1205 3223 ostia

153 3257 215 3321 sibi
240 3257 384 3323 ccclesiae
407 3257 605 3321 claudantur
637 3258 672 3321 in
703 3257 796 3330 facie,
827 3258 889 3323 sub
922 3280 1022 3344 prena
1052 3261 1205 3345 superius

153 3365 321 3423 annotata.
386 3358 485 3423 Circa
516 3360 622 3444 igitur
653 3361 825 3444 praemissa
858 3381 917 3424 ros
956 3368 1025 3424 tam
1064 3362 1205 3427 sollicite

154 3460 302 3524 habeatis
326 3466 364 3523 ut
389 3466 531 3523 vestram
566 3460 742 3525 debeamus
777 3461 811 3523 in
844 3460 905 3525 hac
937 3468 1031 3546 parte
1066 3461 1205 3547 diligen·

154 3562 235 3624 tiam
286 3562 405 3624 merito
450 3561 685 3626 commendare.
749 3561 874 3626 l'aletc.
942 3562 1067 3626 Datum
1114 3565 1203 3649 apud

154 3663 395 3749 Schyreburnc
420 3664 452 3727 ii.
477 3663 552 3727 idus
582 3663 686 3739 Junii,
709 3685 797 3728 anno
830 3663 965 3728 Domini
991 3682 1202 3742 mcccxxxv„

153 3766 369 3829 ordinationis
393 3773 513 3829 nostrie
537 3766 593 3829 vii.

197 3870 388 3936 Consimilis
422 3870 520 3934 litem
554 3871 724 3935 emanavit
748 3871 906 3955 magistro
939 3871 1084 3935 Martino
1116 3893 1202 3938 corn·

154 3973 303 4036 missario
346 3971 578 4036 Cantuarionsi
617 3995 677 4058 pro
715 3973 928 4037 decanatibus
966 3974 1129 4059 exemptis
1167 3975 1202 4038 in

151 4074 395 4160 episcopatibus
434 4072 676 4149 Cantuariensi,
714 4073 870 4148 sossensi,
908 4073 1126 4158 Cycestrensi,
1169 4083 1203 4140 et

154 4174 398 4260 ll'yntoniensi,
421 4175 484 4238 sub
507 4175 629 4239 eisdem
654 4174 760 4238 forma
783 4180 817 4237 et
840 4175 941 4238 datal

187 4377 334 4439 ¹biarg'nsl
344 4379 436 4426 notein
446 4378 552 4426 another
564 4377 644 4425 hund:
703 4376 796 4424 ariensi
824 4392 855 4424 ne
873 4376 1080 4441 archiepiscopus
1107 4380 1201 4429 Ebora·

151 4458 270 4506 —Litcra
285 4456 470 4519 ll'yutonionsi.
490 4455 600 4506 lutrensi
622 4463 648 4503 et
700 4455 782 4503 censis
799 4455 896 4503 deferat
923 4470 1023 4504 cmcem
1043 4457 1068 4505 in
1086 4457 1201 4506 dimersi·

150 4536 309 4599 (pessimus-i
326 4544 350 4585 et
368 4534 543 4583 archidiacono
555 4534 649 4583 Cantu—
698 4533 747 4581 bus
764 4532 825 4582 suis.
