3134 5544
399 720 571 773 arrsronn
592 718 767 771 sonamus
789 718 968 769 erenum.
1140 703 1206 769 909

154 903 248 967 naria
284 900 420 967 Thema
458 901 499 967 de
537 899 707 986 Lockyng'
745 899 863 965 elerico
902 899 1071 966 eeclesiam
1114 922 1208 965 suam
1225 902 1373 954 ramentis

153 1002 197 1069 ael
220 1004 349 1069 firmam
383 1001 579 1067 triennalem
614 1001 761 1079 dedisso3
797 1001 891 1086 eujus
914 1002 1018 1067 finnae
1041 1008 1209 1088 praetextu
1226 971 1331 1087 ffirg'

155 1107 264 1172 dictus
295 1112 442 1171 rectora
473 1104 613 1191 prefata
636 1104 771 1170 ecclesia
793 1126 828 1169 se
851 1104 926 1190 plus
957 1105 1070 1171 debito
1093 1107 1209 1171 absen-
1226 1102 1354 1153 0¹d⁶r²h⁰

156 1210 291 1285 tarerit,
314 1214 349 1274 et
387 1207 524 1275 ecclesia
562 1207 677 1272 eadem
716 1206 839 1272 debitis
871 1206 1038 1293 obsequiis
1076 1209 1210 1276 frauda·
1226 1177 1348 1286 {Sirim

155 1312 263 1377 batur.
310 1312 449 1397 Propter
478 1309 567 1396 quod
589 1308 699 1375 elerici
721 1314 755 1373 et
786 1309 1002 1374 commissarii
1025 1312 1131 1376 nostri
1155 1312 1211 1375 de·
1227 1303 1259 1353 ¹³·
1274 1303 1293 1352 f.
1308 1307 1366 1354 ¹¹⁷·

156 1419 331 1479 creverunt
355 1418 390 1477 et
413 1411 614 1477 mandarunt
636 1410 755 1476 rectori
778 1417 958 1475 memorato
981 1417 1020 1476 ut
1051 1419 1211 1479 evacuata

158 1516 253 1580 firma
288 1515 440 1601 superius
474 1534 637 1599 expressa,
671 1512 714 1577 ad
749 1512 889 1576 eandem
923 1514 1092 1578 ecelesiam
1116 1538 1210 1581 suam

158 1617 282 1682 rediret
331 1623 365 1681 ct
412 1614 536 1681 ibidem
581 1614 793 1679 residentiam
838 1613 961 1679 faceret
1005 1618 1211 1702 personalem

159 1720 255 1783 lirma
276 1717 468 1803 hujusmodi
503 1738 569 1781 non
604 1716 765 1781 obstante.
813 1715 883 1779 Nos
906 1722 1018 1781 autem
1042 1719 1130 1804 quod
1154 1742 1211 1805 per

158 1820 290 1885 eosdem
312 1819 447 1885 clericos
469 1840 527 1883 seu
551 1818 791 1883 commissarios
811 1824 944 1883 nostros
967 1827 1079 1885 aetum
1102 1826 1154 1886 est
1176 1823 1212 1886 in

159 1922 222 1987 hae
244 1928 338 2007 parte
355 1926 466 1985 ratum
489 1918 650 1983 habentes
673 1923 707 1982 ct
723 1918 865 1994 firmum,
890 1920 985 1985 robis
1007 1922 1213 1999 mandamus,

160 2030 325 2109 quatenus
356 2028 469 2088 amoto
503 2021 593 2086 dicto
626 2020 769 2085 firmatio
804 2027 968 2105 quatenus
998 2024 1136 2087 eandem
1160 2025 1214 2088 fir·

161 2148 250 2190 mam
273 2125 314 2189 de
346 2122 438 2189 facto
470 2123 609 2199 detinet,
632 2129 791 2187 rectorem
823 2123 1018 2207 praedictum
1053 2127 1215 2192 moneatis

163 2235 199 2293 et
222 2227 399 2293 efficaciter
432 2226 599 2292 inducatis
634 2232 672 2290 ut
694 2225 736 2289 ad
770 2225 938 2290 ecclesiam
962 2248 1056 2291 suam
1079 2229 1215 2313 przedic·

165 2338 235 2395 tam
260 2329 390 2394 rediens
413 2328 560 2393 debitam
595 2327 679 2391 inibi
702 2326 802 2391 faciat
825 2328 1038 2393 residentiam
1062 2351 1215 2416 persona·

164 2434 238 2509 lem,
262 2432 351 2518 ipsos
381 2431 564 2495 firmarium
587 2436 621 2495 et
653 2436 810 2495 rectorem
843 2429 948 2495 adhoc
972 2453 1216 2516 percensuram

163 2534 427 2610 ecclesiasticam,
448 2533 477 2595 si
500 2553 631 2597 necesse
654 2532 767 2607 fuerit,
783 2534 1025 2617 compescendo.
1065 2534 1217 2614 Qualiter

163 2644 276 2703 autem
299 2634 489 2721 hujusmodi
513 2633 708 2699 mandatum
742 2640 892 2698 nostrum
924 2636 1053 2701 fueritis
1077 2638 1217 2713 executi,

167 2739 262 2803 nobis
285 2738 369 2803 citra
399 2737 526 2802 festum
562 2735 721 2801 Omnium
754 2735 952 2801 Sanctorum
976 2738 1118 2803 fideliter
1141 2761 1217 2805 con-

166 2848 254 2905 stare
270 2839 398 2905 faciatis
421 2860 480 2923 per
503 2836 615 2901 literas
639 2841 766 2900 vestras
791 2844 943 2920 patentes
968 2837 1085 2904 harum
1100 2842 1217 2906 seriem

165 2942 380 3009 continentes.
427 2940 553 3004 Datum
586 2937 675 3024 apud
710 2937 916 3023 llaghefeld',
950 2940 1005 3005 vii.
1040 2941 1104 3006 kal.
1138 2944 1218 3028 Sep-

167 3044 312 3110 tembris.

634 3415 753 3483 DOLI.

183 3570 234 3635 To
256 3586 326 3635 rnu
349 3570 566 3633 Pnormemn
588 3584 633 3632 or
655 3585 724 3631 nm
748 3568 878 3635 Famns
902 3570 1109 3642 Panncnrns
1131 3592 1204 3642 nun
1278 3594 1350 3641 nar.

364 3672 535 3735 Mmmrun
558 3687 602 3734 or
625 3687 693 3735 run
718 3670 847 3736 Famns
871 3674 1017 3742 umas.
1235 3658 1366 3775 Fffl*

214 3811 265 3877 W.
288 3811 389 3897 priori
421 3809 616 3896 provinciali
647 3809 801 3876 Fratrum
825 3812 1082 3883 Pnedieatorum
1113 3826 1147 3886 ct
1170 3822 1220 3888 W.
1237 3791 1367 3907 {2331}

169 3914 322 3978 ministro
339 3913 493 3977 Fratrum
511 3912 678 3975 Minorem
695 3911 730 3976 in
745 3915 870 3999 Anglia
892 3918 997 3983 frater
1011 3920 1221 4009 J[ol1annes],
1239 3925 1312 3973 thore
1324 3923 1381 3971 who

170 4026 239 4091 ete,
262 4016 412 4081 salutem.
460 4016 548 4095 Quia
579 4015 652 4079 istis
683 4017 887 4102 temporibus
918 4025 1035 4089 crescit
1066 4048 1222 4092 numerus
1238 3990 1392 4106 Qffl}

170 4119 425 4205 malignantium
472 4124 507 4182 et
552 4117 798 4203 insurgentium
844 4121 919 4207 plus
964 4126 1062 4193 solito
1108 4136 1223 4195 eontra
1240 4121 1393 4173 urechurcn.

171 4221 424 4287 ecelesiasticam
457 4219 656 4292 libertatem,
679 4242 762 4304 quos
796 4244 862 4286 non
888 4233 936 4290 est
971 4228 1109 4294 ‹lubnun
1142 4234 1222 4297 inci·
1241 4214 1396 4331 ἓξὲξ·

171 4325 246 4389 dere
271 4324 341 4408 ipso
364 4323 453 4387 sacto
476 4321 511 4384 in
534 4323 883 4388 excommunicationis
898 4332 1096 4395 sententiam
1122 4334 1222 4399 lutam
1268 4318 1275 4331 ⁹
1298 4318 1304 4329 ’
1380 4316 1386 4329 ’

172 4425 298 4488 ‹lmlum
323 4425 356 4486 in
374 4421 554 4487 Oxoniensi
573 4422 729 4497 Concilio,
744 4425 830 4487 sieut
852 4434 1106 4513 trnnsgusmres
1122 4436 1223 4498 etiam

176 4528 302 4609 lingum·
326 4526 436 4591 Curtm
451 4551 459 4603 ;
496 4546 554 4587 vos
582 4524 702 4588 affectu
728 4547 793 4609 quo
823 4549 996 4611 possumus
1027 4537 1224 4619 requirinms

174 4636 209 4692 et
231 4628 413 4703 horterum,
435 4634 600 4711 ‹prutenus-
623 4625 847 4691 malefactores
875 4628 1063 4714 lmjusmodi
1085 4637 1128 4701 ab
1151 4638 1225 4704 isti„
