<?xml version="1.0" encoding="UTF-8"?>
<!DOCTYPE html PUBLIC "-//W3C//DTD XHTML 1.0 Transitional//EN"
    "http://www.w3.org/TR/xhtml1/DTD/xhtml1-transitional.dtd">
<html xmlns="http://www.w3.org/1999/xhtml" xml:lang="en" lang="en">
 <head>
  <title>
</title>
<meta http-equiv="Content-Type" content="text/html;charset=utf-8" />
  <meta name='ocr-system' content='tesseract 3.04.00' />
  <meta name='ocr-capabilities' content='ocr_page ocr_carea ocr_par ocr_line ocrx_word'/>
</head>
<body>
  <div class='ocr_page' id='page_1' title='image "./registrumepisto02martgoog_0130.png"; bbox 0 0 3134 5544; ppageno 0'>
   <div class='ocr_carea' id='block_1_1' title="bbox 433 618 1048 669">
    <p class='ocr_par' dir='ltr' id='par_1_1' title="bbox 433 618 1048 669">
     <span class='ocr_line' id='line_1_1' title="bbox 433 618 1048 669; baseline -0.002 0"><span class='ocrx_word' id='word_1_1' title='bbox 433 624 499 669; x_wconf 77' lang='lat' dir='ltr'>cxx</span> <span class='ocrx_word' id='word_1_2' title='bbox 885 618 1048 669; x_wconf 64' lang='lat' dir='ltr'>eslonca</span> 
     </span>
    </p>
   </div>
   <div class='ocr_carea' id='block_1_2' title="bbox 433 801 1486 4024">
    <p class='ocr_par' dir='ltr' id='par_1_2' title="bbox 477 801 1342 1192">
     <span class='ocr_line' id='line_1_2' title="bbox 477 801 1211 889; baseline 0.003 -23"><span class='ocrx_word' id='word_1_3' title='bbox 477 801 567 867; x_wconf 86' lang='lat' dir='ltr'>Hine</span> <span class='ocrx_word' id='word_1_4' title='bbox 591 807 671 867; x_wconf 86' lang='lat' dir='ltr'>sunt</span> <span class='ocrx_word' id='word_1_5' title='bbox 693 801 898 888; x_wconf 80' lang='lat' dir='ltr'>exemplario</span> <span class='ocrx_word' id='word_1_6' title='bbox 921 802 1019 889; x_wconf 75' lang='lat' dir='ltr'>pluro</span> <span class='ocrx_word' id='word_1_7' title='bbox 1040 802 1105 868; x_wconf 88' lang='lat' dir='ltr'>tibi</span> <span class='ocrx_word' id='word_1_8' title='bbox 1127 802 1211 868; x_wconf 72' lang='lat' dir='ltr'>dato</span> 
     </span>
     <span class='ocr_line' id='line_1_3' title="bbox 518 902 1342 990; baseline 0 -22"><span class='ocrx_word' id='word_1_9' title='bbox 518 904 645 978; x_wconf 81' lang='lat' dir='ltr'>Petrus,</span> <span class='ocrx_word' id='word_1_10' title='bbox 670 903 802 979; x_wconf 74' lang='lat' dir='ltr'>Paulus</span> <span class='ocrx_word' id='word_1_11' title='bbox 826 903 943 983; x_wconf 79' lang='lat' dir='ltr'>Mario,</span> <span class='ocrx_word' id='word_1_12' title='bbox 967 902 1140 990; x_wconf 83' lang='lat' dir='ltr'>peeeetrix</span> <span class='ocrx_word' id='word_1_13' title='bbox 1163 902 1342 990; x_wconf 72' lang='lat' dir='ltr'>appellato,</span> 
     </span>
     <span class='ocr_line' id='line_1_4' title="bbox 520 1004 1332 1090; baseline 0 -21"><span class='ocrx_word' id='word_1_14' title='bbox 520 1005 673 1070; x_wconf 83' lang='lat' dir='ltr'>Mothous</span> <span class='ocrx_word' id='word_1_15' title='bbox 697 1004 917 1084; x_wconf 73' lang='lat' dir='ltr'>erasurum,</span> <span class='ocrx_word' id='word_1_16' title='bbox 940 1025 980 1071; x_wconf 80' lang='lat' dir='ltr'>oo</span> <span class='ocrx_word' id='word_1_17' title='bbox 1006 1004 1093 1070; x_wconf 84' lang='lat' dir='ltr'>letro</span> <span class='ocrx_word' id='word_1_18' title='bbox 1116 1005 1170 1071; x_wconf 85' lang='lat' dir='ltr'>eui</span> <span class='ocrx_word' id='word_1_19' title='bbox 1194 1010 1332 1090; x_wconf 72' lang='lat' dir='ltr'>peeoote</span> 
     </span>
     <span class='ocr_line' id='line_1_5' title="bbox 519 1105 1342 1192; baseline 0.001 -22"><span class='ocrx_word' id='word_1_20' title='bbox 519 1105 647 1171; x_wconf 82' lang='lat' dir='ltr'>Cuncta</span> <span class='ocrx_word' id='word_1_21' title='bbox 672 1105 838 1192; x_wconf 79' lang='lat' dir='ltr'>penitenti</span> <span class='ocrx_word' id='word_1_22' title='bbox 862 1106 1001 1170; x_wconf 87' lang='lat' dir='ltr'>suntin</span> <span class='ocrx_word' id='word_1_23' title='bbox 1024 1124 1122 1171; x_wconf 85' lang='lat' dir='ltr'>cruee</span> <span class='ocrx_word' id='word_1_24' title='bbox 1144 1105 1342 1171; x_wconf 69' lang='lat' dir='ltr'>condonato</span> 
     </span>
    </p>

    <p class='ocr_par' dir='ltr' id='par_1_3' title="bbox 475 1206 1254 1375">
     <span class='ocr_line' id='line_1_6' title="bbox 475 1206 1254 1292; baseline 0.004 -23"><span class='ocrx_word' id='word_1_25' title='bbox 475 1206 570 1285; x_wconf 78' lang='lat' dir='ltr'>Quod</span> <span class='ocrx_word' id='word_1_26' title='bbox 594 1207 621 1270; x_wconf 90' lang='lat' dir='ltr'>si</span> <span class='ocrx_word' id='word_1_27' title='bbox 645 1207 752 1273; x_wconf 82' lang='lat' dir='ltr'>adhue</span> <span class='ocrx_word' id='word_1_28' title='bbox 776 1207 930 1292; x_wconf 78' lang='lat' dir='ltr'>trepides,</span> <span class='ocrx_word' id='word_1_29' title='bbox 956 1206 1104 1273; x_wconf 78' lang='lat' dir='ltr'>modicus</span> <span class='ocrx_word' id='word_1_30' title='bbox 1127 1207 1254 1273; x_wconf 88' lang='lat' dir='ltr'>infide</span> 
     </span>
     <span class='ocr_line' id='line_1_7' title="bbox 520 1307 1223 1375; baseline 0.004 -5"><span class='ocrx_word' id='word_1_31' title='bbox 520 1308 561 1371; x_wconf 92' lang='lat' dir='ltr'>In</span> <span class='ocrx_word' id='word_1_32' title='bbox 584 1307 711 1374; x_wconf 77' lang='lat' dir='ltr'>Christi</span> <span class='ocrx_word' id='word_1_33' title='bbox 735 1309 786 1373; x_wconf 91' lang='lat' dir='ltr'>tui</span> <span class='ocrx_word' id='word_1_34' title='bbox 810 1308 933 1374; x_wconf 84' lang='lat' dir='ltr'>faeiem</span> <span class='ocrx_word' id='word_1_35' title='bbox 956 1308 1107 1375; x_wconf 71' lang='lat' dir='ltr'>crucifixi</span> <span class='ocrx_word' id='word_1_36' title='bbox 1132 1308 1223 1373; x_wconf 88' lang='lat' dir='ltr'>vide.</span> 
     </span>
    </p>

    <p class='ocr_par' dir='ltr' id='par_1_4' title="bbox 519 1408 1460 1597">
     <span class='ocr_line' id='line_1_8' title="bbox 519 1408 1460 1497; baseline -0.001 -23"><span class='ocrx_word' id='word_1_37' title='bbox 519 1411 563 1474; x_wconf 83' lang='lat' dir='ltr'>Et</span> <span class='ocrx_word' id='word_1_38' title='bbox 586 1432 686 1495; x_wconf 62' lang='lat' dir='ltr'>qutun</span> <span class='ocrx_word' id='word_1_39' title='bbox 710 1411 808 1474; x_wconf 84' lang='lat' dir='ltr'>offert</span> <span class='ocrx_word' id='word_1_40' title='bbox 829 1411 983 1497; x_wconf 76' lang='lat' dir='ltr'>gratiam,</span> <span class='ocrx_word' id='word_1_41' title='bbox 1007 1411 1137 1476; x_wconf 82' lang='lat' dir='ltr'>eunetis</span> <span class='ocrx_word' id='word_1_42' title='bbox 1159 1410 1370 1497; x_wconf 83' lang='lat' dir='ltr'>perpendens</span> <span class='ocrx_word' id='word_1_43' title='bbox 1391 1408 1460 1474; x_wconf 86' lang='lat' dir='ltr'>ride</span> 
     </span>
     <span class='ocr_line' id='line_1_9' title="bbox 519 1511 1291 1597; baseline 0.001 -23"><span class='ocrx_word' id='word_1_44' title='bbox 519 1512 568 1575; x_wconf 85' lang='lat' dir='ltr'>Ae</span> <span class='ocrx_word' id='word_1_45' title='bbox 590 1534 719 1576; x_wconf 91' lang='lat' dir='ltr'>omnem</span> <span class='ocrx_word' id='word_1_46' title='bbox 743 1511 965 1576; x_wconf 79' lang='lat' dir='ltr'>diflideneiam</span> <span class='ocrx_word' id='word_1_47' title='bbox 989 1513 1124 1597; x_wconf 83' lang='lat' dir='ltr'>penitus</span> <span class='ocrx_word' id='word_1_48' title='bbox 1148 1511 1291 1578; x_wconf 78' lang='lat' dir='ltr'><strong>abscide.</strong></span> 
     </span>
    </p>

    <p class='ocr_par' dir='ltr' id='par_1_5' title="bbox 475 1611 1444 2002">
     <span class='ocr_line' id='line_1_10' title="bbox 475 1611 1359 1698; baseline 0.006 -27"><span class='ocrx_word' id='word_1_49' title='bbox 475 1611 585 1696; x_wconf 71' lang='lat' dir='ltr'>(leput</span> <span class='ocrx_word' id='word_1_50' title='bbox 608 1613 734 1678; x_wconf 84' lang='lat' dir='ltr'>hebens</span> <span class='ocrx_word' id='word_1_51' title='bbox 757 1613 937 1698; x_wconf 85' lang='lat' dir='ltr'>pendulum</span> <span class='ocrx_word' id='word_1_52' title='bbox 963 1613 1005 1676; x_wconf 84' lang='lat' dir='ltr'>ad</span> <span class='ocrx_word' id='word_1_53' title='bbox 1029 1619 1063 1677; x_wconf 85' lang='lat' dir='ltr'>te</span> <span class='ocrx_word' id='word_1_54' title='bbox 1087 1613 1359 1689; x_wconf 80' lang='lat' dir='ltr'>deosculandum,</span> 
     </span>
     <span class='ocr_line' id='line_1_11' title="bbox 519 1714 1444 1802; baseline -0.002 -21"><span class='ocrx_word' id='word_1_55' title='bbox 519 1719 638 1782; x_wconf 78' lang='lat' dir='ltr'>Munus</span> <span class='ocrx_word' id='word_1_56' title='bbox 660 1714 824 1799; x_wconf 80' lang='lat' dir='ltr'>perforate</span> <span class='ocrx_word' id='word_1_57' title='bbox 847 1721 934 1790; x_wconf 85' lang='lat' dir='ltr'>sunt,</span> <span class='ocrx_word' id='word_1_58' title='bbox 958 1737 992 1779; x_wconf 88' lang='lat' dir='ltr'>se</span> <span class='ocrx_word' id='word_1_59' title='bbox 1017 1720 1126 1779; x_wconf 89' lang='lat' dir='ltr'>toturn</span> <span class='ocrx_word' id='word_1_60' title='bbox 1152 1716 1196 1780; x_wconf 82' lang='lat' dir='ltr'>ad</span> <span class='ocrx_word' id='word_1_61' title='bbox 1220 1714 1444 1802; x_wconf 77' lang='lat' dir='ltr'>prestandum,</span> 
     </span>
     <span class='ocr_line' id='line_1_12' title="bbox 520 1817 1402 1903; baseline 0 -20"><span class='ocrx_word' id='word_1_62' title='bbox 520 1820 564 1883; x_wconf 89' lang='lat' dir='ltr'>Et</span> <span class='ocrx_word' id='word_1_63' title='bbox 586 1827 738 1903; x_wconf 79' lang='lat' dir='ltr'>opertum</span> <span class='ocrx_word' id='word_1_64' title='bbox 762 1817 851 1880; x_wconf 82' lang='lat' dir='ltr'>lotus</span> <span class='ocrx_word' id='word_1_65' title='bbox 875 1821 925 1879; x_wconf 87' lang='lat' dir='ltr'>est</span> <span class='ocrx_word' id='word_1_66' title='bbox 949 1824 982 1880; x_wconf 87' lang='lat' dir='ltr'>te</span> <span class='ocrx_word' id='word_1_67' title='bbox 1006 1822 1117 1880; x_wconf 89' lang='lat' dir='ltr'>totum</span> <span class='ocrx_word' id='word_1_68' title='bbox 1142 1817 1185 1881; x_wconf 80' lang='lat' dir='ltr'>erl</span> <span class='ocrx_word' id='word_1_69' title='bbox 1209 1817 1402 1895; x_wconf 81' lang='lat' dir='ltr'>amandum,</span> 
     </span>
     <span class='ocr_line' id='line_1_13' title="bbox 519 1917 1301 2002; baseline -0.001 -18"><span class='ocrx_word' id='word_1_70' title='bbox 519 1921 563 1984; x_wconf 86' lang='lat' dir='ltr'>Et</span> <span class='ocrx_word' id='word_1_71' title='bbox 586 1924 724 1983; x_wconf 81' lang='lat' dir='ltr'>extento</span> <span class='ocrx_word' id='word_1_72' title='bbox 746 1917 880 1982; x_wconf 81' lang='lat' dir='ltr'>bruchio</span> <span class='ocrx_word' id='word_1_73' title='bbox 903 1925 936 1980; x_wconf 92' lang='lat' dir='ltr'>te</span> <span class='ocrx_word' id='word_1_74' title='bbox 959 1917 1001 1981; x_wconf 82' lang='lat' dir='ltr'>erl</span> <span class='ocrx_word' id='word_1_75' title='bbox 1029 1917 1301 2002; x_wconf 82' lang='lat' dir='ltr'>amplexandum.</span> 
     </span>
    </p>

    <p class='ocr_par' dir='ltr' id='par_1_6' title="bbox 476 2019 1482 2409">
     <span class='ocr_line' id='line_1_14' title="bbox 476 2019 1319 2096; baseline -0.004 -8"><span class='ocrx_word' id='word_1_76' title='bbox 476 2023 577 2088; x_wconf 81' lang='lat' dir='ltr'>Pedes</span> <span class='ocrx_word' id='word_1_77' title='bbox 601 2021 686 2087; x_wconf 80' lang='lat' dir='ltr'>elavi</span> <span class='ocrx_word' id='word_1_78' title='bbox 710 2020 770 2083; x_wconf 86' lang='lat' dir='ltr'>fixi</span> <span class='ocrx_word' id='word_1_79' title='bbox 794 2026 881 2094; x_wconf 87' lang='lat' dir='ltr'>sunt,</span> <span class='ocrx_word' id='word_1_80' title='bbox 905 2019 948 2082; x_wconf 83' lang='lat' dir='ltr'>od</span> <span class='ocrx_word' id='word_1_81' title='bbox 972 2025 1080 2084; x_wconf 83' lang='lat' dir='ltr'>tecum</span> <span class='ocrx_word' id='word_1_82' title='bbox 1105 2021 1319 2096; x_wconf 82' lang='lat' dir='ltr'>manendum,</span> 
     </span>
     <span class='ocr_line' id='line_1_15' title="bbox 519 2122 1395 2207; baseline -0.002 -19"><span class='ocrx_word' id='word_1_83' title='bbox 519 2124 640 2188; x_wconf 88' lang='lat' dir='ltr'>Totum</span> <span class='ocrx_word' id='word_1_84' title='bbox 664 2142 783 2207; x_wconf 85' lang='lat' dir='ltr'>corpus</span> <span class='ocrx_word' id='word_1_85' title='bbox 811 2143 943 2207; x_wconf 84' lang='lat' dir='ltr'>passum</span> <span class='ocrx_word' id='word_1_86' title='bbox 969 2127 1019 2185; x_wconf 85' lang='lat' dir='ltr'>est</span> <span class='ocrx_word' id='word_1_87' title='bbox 1042 2122 1084 2185; x_wconf 82' lang='lat' dir='ltr'>od</span> <span class='ocrx_word' id='word_1_88' title='bbox 1107 2128 1141 2189; x_wconf 86' lang='lat' dir='ltr'>te</span> <span class='ocrx_word' id='word_1_89' title='bbox 1164 2123 1395 2188; x_wconf 86' lang='lat' dir='ltr'>redimendum</span> 
     </span>
     <span class='ocr_line' id='line_1_16' title="bbox 520 2223 1482 2311; baseline -0.003 -21"><span class='ocrx_word' id='word_1_90' title='bbox 520 2226 621 2290; x_wconf 80' lang='lat' dir='ltr'>Haud</span> <span class='ocrx_word' id='word_1_91' title='bbox 643 2225 780 2288; x_wconf 86' lang='lat' dir='ltr'>dubium</span> <span class='ocrx_word' id='word_1_92' title='bbox 806 2223 888 2307; x_wconf 90' lang='lat' dir='ltr'>quin</span> <span class='ocrx_word' id='word_1_93' title='bbox 909 2244 1033 2309; x_wconf 85' lang='lat' dir='ltr'>pronus</span> <span class='ocrx_word' id='word_1_94' title='bbox 1052 2225 1096 2287; x_wconf 85' lang='lat' dir='ltr'>sit</span> <span class='ocrx_word' id='word_1_95' title='bbox 1119 2224 1161 2288; x_wconf 86' lang='lat' dir='ltr'>ed</span> <span class='ocrx_word' id='word_1_96' title='bbox 1185 2231 1219 2289; x_wconf 81' lang='lat' dir='ltr'>te</span> <span class='ocrx_word' id='word_1_97' title='bbox 1235 2224 1482 2311; x_wconf 83' lang='lat' dir='ltr'>suscipiendum.</span> 
     </span>
     <span class='ocr_line' id='line_1_17' title="bbox 521 2325 1302 2409; baseline 0.001 -18"><span class='ocrx_word' id='word_1_98' title='bbox 521 2328 586 2408; x_wconf 81' lang='lat' dir='ltr'>Qui</span> <span class='ocrx_word' id='word_1_99' title='bbox 610 2350 644 2392; x_wconf 86' lang='lat' dir='ltr'>se</span> <span class='ocrx_word' id='word_1_100' title='bbox 667 2326 730 2391; x_wconf 87' lang='lat' dir='ltr'>tibi</span> <span class='ocrx_word' id='word_1_101' title='bbox 754 2325 918 2409; x_wconf 78' lang='lat' dir='ltr'>disposuit</span> <span class='ocrx_word' id='word_1_102' title='bbox 941 2325 1040 2390; x_wconf 79' lang='lat' dir='ltr'>talem</span> <span class='ocrx_word' id='word_1_103' title='bbox 1064 2326 1302 2392; x_wconf 87' lang='lat' dir='ltr'>exhibendum.</span> 
     </span>
    </p>

    <p class='ocr_par' dir='ltr' id='par_1_7' title="bbox 477 2428 1282 2717">
     <span class='ocr_line' id='line_1_18' title="bbox 477 2428 1112 2514; baseline -0.003 -19"><span class='ocrx_word' id='word_1_104' title='bbox 477 2432 558 2498; x_wconf 83' lang='lat' dir='ltr'>Eece</span> <span class='ocrx_word' id='word_1_105' title='bbox 582 2430 651 2495; x_wconf 89' lang='lat' dir='ltr'>vite</span> <span class='ocrx_word' id='word_1_106' title='bbox 669 2428 775 2514; x_wconf 82' lang='lat' dir='ltr'>jenua</span> <span class='ocrx_word' id='word_1_107' title='bbox 798 2432 915 2512; x_wconf 80' lang='lat' dir='ltr'>petens</span> <span class='ocrx_word' id='word_1_108' title='bbox 938 2432 974 2491; x_wconf 90' lang='lat' dir='ltr'>et</span> <span class='ocrx_word' id='word_1_109' title='bbox 995 2434 1112 2513; x_wconf 69' lang='lat' dir='ltr'>operto</span> 
     </span>
     <span class='ocr_line' id='line_1_19' title="bbox 522 2529 1223 2597; baseline 0.001 -1"><span class='ocrx_word' id='word_1_110' title='bbox 522 2532 574 2597; x_wconf 85' lang='lat' dir='ltr'>En</span> <span class='ocrx_word' id='word_1_111' title='bbox 597 2531 749 2597; x_wconf 82' lang='lat' dir='ltr'>seductos</span> <span class='ocrx_word' id='word_1_112' title='bbox 778 2533 912 2593; x_wconf 82' lang='lat' dir='ltr'>revocet</span> <span class='ocrx_word' id='word_1_113' title='bbox 935 2529 1061 2595; x_wconf 76' lang='lat' dir='ltr'>veritas</span> <span class='ocrx_word' id='word_1_114' title='bbox 1084 2531 1223 2597; x_wconf 80' lang='lat' dir='ltr'>miserta</span> 
     </span>
     <span class='ocr_line' id='line_1_20' title="bbox 522 2631 1282 2717; baseline 0.001 -19"><span class='ocrx_word' id='word_1_115' title='bbox 522 2635 565 2698; x_wconf 89' lang='lat' dir='ltr'>Et</span> <span class='ocrx_word' id='word_1_116' title='bbox 588 2635 659 2698; x_wconf 79' lang='lat' dir='ltr'>vito</span> <span class='ocrx_word' id='word_1_117' title='bbox 681 2631 901 2716; x_wconf 80' lang='lat' dir='ltr'>conqueritur,</span> <span class='ocrx_word' id='word_1_118' title='bbox 924 2652 1026 2717; x_wconf 81' lang='lat' dir='ltr'>quere</span> <span class='ocrx_word' id='word_1_119' title='bbox 1049 2633 1095 2697; x_wconf 87' lang='lat' dir='ltr'>sit</span> <span class='ocrx_word' id='word_1_120' title='bbox 1118 2633 1251 2699; x_wconf 73' lang='lat' dir='ltr'>deserte</span> <span class='ocrx_word' id='word_1_121' title='bbox 1280 2637 1282 2641; x_wconf 81' lang='grc'><strong>’</strong></span> 
     </span>
    </p>

    <p class='ocr_par' dir='ltr' id='par_1_8' title="bbox 522 2732 1378 2818">
     <span class='ocr_line' id='line_1_21' title="bbox 522 2732 1378 2818; baseline 0.001 -18"><span class='ocrx_word' id='word_1_122' title='bbox 522 2736 606 2801; x_wconf 79' lang='lat' dir='ltr'>Cum</span> <span class='ocrx_word' id='word_1_123' title='bbox 630 2736 675 2799; x_wconf 89' lang='lat' dir='ltr'>sit</span> <span class='ocrx_word' id='word_1_124' title='bbox 698 2755 784 2798; x_wconf 90' lang='lat' dir='ltr'>mors</span> <span class='ocrx_word' id='word_1_125' title='bbox 808 2732 844 2797; x_wconf 93' lang='lat' dir='ltr'>in</span> <span class='ocrx_word' id='word_1_126' title='bbox 863 2733 986 2818; x_wconf 80' lang='lat' dir='ltr'>januis,</span> <span class='ocrx_word' id='word_1_127' title='bbox 1009 2741 1045 2800; x_wconf 88' lang='lat' dir='ltr'>et</span> <span class='ocrx_word' id='word_1_128' title='bbox 1067 2735 1148 2800; x_wconf 83' lang='lat' dir='ltr'>hore</span> <span class='ocrx_word' id='word_1_129' title='bbox 1170 2736 1217 2801; x_wconf 89' lang='lat' dir='ltr'>sit</span> <span class='ocrx_word' id='word_1_130' title='bbox 1239 2736 1378 2802; x_wconf 75' lang='lat' dir='ltr'>ineerta.</span> 
     </span>
    </p>

    <p class='ocr_par' dir='ltr' id='par_1_9' title="bbox 477 2834 1485 2903">
     <span class='ocr_line' id='line_1_22' title="bbox 477 2834 1485 2903; baseline 0 -3"><span class='ocrx_word' id='word_1_131' title='bbox 477 2837 547 2902; x_wconf 88' lang='lat' dir='ltr'>The</span> <span class='ocrx_word' id='word_1_132' title='bbox 563 2838 674 2901; x_wconf 85' lang='lat' dir='ltr'>sirmer</span> <span class='ocrx_word' id='word_1_133' title='bbox 691 2835 772 2900; x_wconf 90' lang='lat' dir='ltr'>then</span> <span class='ocrx_word' id='word_1_134' title='bbox 787 2834 951 2899; x_wconf 80' lang='lat' dir='ltr'>confessos</span> <span class='ocrx_word' id='word_1_135' title='bbox 975 2834 1028 2899; x_wconf 88' lang='lat' dir='ltr'>his</span> <span class='ocrx_word' id='word_1_136' title='bbox 1053 2836 1209 2901; x_wconf 80' lang='lat' dir='ltr'>breeehes</span> <span class='ocrx_word' id='word_1_137' title='bbox 1227 2837 1264 2902; x_wconf 86' lang='lat' dir='ltr'>of</span> <span class='ocrx_word' id='word_1_138' title='bbox 1289 2836 1349 2903; x_wconf 89' lang='lat' dir='ltr'>the</span> <span class='ocrx_word' id='word_1_139' title='bbox 1376 2837 1485 2902; x_wconf 89' lang='lat' dir='ltr'>divine</span> 
     </span>
    </p>

    <p class='ocr_par' dir='ltr' id='par_1_10' title="bbox 433 2935 1486 3129">
     <span class='ocr_line' id='line_1_23' title="bbox 433 2935 1486 3023; baseline 0 -21"><span class='ocrx_word' id='word_1_140' title='bbox 433 2939 499 3003; x_wconf 84' lang='lat' dir='ltr'>law</span> <span class='ocrx_word' id='word_1_141' title='bbox 522 2939 558 3001; x_wconf 89' lang='lat' dir='ltr'>in</span> <span class='ocrx_word' id='word_1_142' title='bbox 583 2960 684 3022; x_wconf 86' lang='lat' dir='ltr'>every</span> <span class='ocrx_word' id='word_1_143' title='bbox 705 2935 848 3023; x_wconf 79' lang='lat' dir='ltr'>possible</span> <span class='ocrx_word' id='word_1_144' title='bbox 865 2958 951 3021; x_wconf 83' lang='lat' dir='ltr'>way,</span> <span class='ocrx_word' id='word_1_145' title='bbox 974 2937 1039 3001; x_wconf 84' lang='lat' dir='ltr'>eud</span> <span class='ocrx_word' id='word_1_146' title='bbox 1063 2938 1197 3023; x_wconf 80' lang='lat' dir='ltr'>sppeels</span> <span class='ocrx_word' id='word_1_147' title='bbox 1221 2945 1257 3004; x_wconf 91' lang='lat' dir='ltr'>to</span> <span class='ocrx_word' id='word_1_148' title='bbox 1272 2939 1332 3004; x_wconf 92' lang='lat' dir='ltr'>the</span> <span class='ocrx_word' id='word_1_149' title='bbox 1348 2939 1486 3004; x_wconf 81' lang='lat' dir='ltr'>Soviour</span> 
     </span>
     <span class='ocr_line' id='line_1_24' title="bbox 433 3038 1459 3129; baseline 0.002 -25"><span class='ocrx_word' id='word_1_150' title='bbox 433 3042 486 3105; x_wconf 91' lang='lat' dir='ltr'>for</span> <span class='ocrx_word' id='word_1_151' title='bbox 502 3063 612 3125; x_wconf 85' lang='lat' dir='ltr'>morey</span> <span class='ocrx_word' id='word_1_152' title='bbox 629 3041 695 3104; x_wconf 81' lang='lat' dir='ltr'>ond</span> <span class='ocrx_word' id='word_1_153' title='bbox 712 3039 838 3123; x_wconf 81' lang='lat' dir='ltr'>pardon</span> <span class='ocrx_word' id='word_1_154' title='bbox 854 3040 904 3102; x_wconf 86' lang='lat' dir='ltr'>for</span> <span class='ocrx_word' id='word_1_155' title='bbox 919 3038 1055 3102; x_wconf 79' lang='lat' dir='ltr'>himself</span> <span class='ocrx_word' id='word_1_156' title='bbox 1067 3038 1133 3104; x_wconf 84' lang='lat' dir='ltr'>and</span> <span class='ocrx_word' id='word_1_157' title='bbox 1150 3040 1271 3118; x_wconf 80' lang='lat' dir='ltr'>othere,</span> <span class='ocrx_word' id='word_1_158' title='bbox 1287 3041 1459 3129; x_wconf 85' lang='lat' dir='ltr'>ending-</span> 
     </span>
    </p>

    <p class='ocr_par' dir='ltr' id='par_1_11' title="bbox 481 3140 1334 3531">
     <span class='ocr_line' id='line_1_25' title="bbox 481 3140 1256 3227; baseline 0.003 -21"><span class='ocrx_word' id='word_1_159' title='bbox 481 3144 520 3207; x_wconf 85' lang='lat' dir='ltr'>ld</span> <span class='ocrx_word' id='word_1_160' title='bbox 545 3144 652 3227; x_wconf 81' lang='lat' dir='ltr'>ipsum</span> <span class='ocrx_word' id='word_1_161' title='bbox 676 3141 846 3203; x_wconf 87' lang='lat' dir='ltr'>humiliter</span> <span class='ocrx_word' id='word_1_162' title='bbox 871 3140 1011 3224; x_wconf 85' lang='lat' dir='ltr'>deposco</span> <span class='ocrx_word' id='word_1_163' title='bbox 1034 3162 1095 3225; x_wconf 87' lang='lat' dir='ltr'>pro</span> <span class='ocrx_word' id='word_1_164' title='bbox 1118 3142 1256 3227; x_wconf 81' lang='lat' dir='ltr'>prelatis</span> 
     </span>
     <span class='ocr_line' id='line_1_26' title="bbox 526 3241 1310 3330; baseline 0.005 -24"><span class='ocrx_word' id='word_1_165' title='bbox 526 3245 585 3306; x_wconf 88' lang='lat' dir='ltr'>Pro</span> <span class='ocrx_word' id='word_1_166' title='bbox 609 3243 721 3306; x_wconf 76' lang='lat' dir='ltr'>amieis</span> <span class='ocrx_word' id='word_1_167' title='bbox 746 3241 913 3316; x_wconf 84' lang='lat' dir='ltr'>frutribus,</span> <span class='ocrx_word' id='word_1_168' title='bbox 938 3242 1134 3327; x_wconf 84' lang='lat' dir='ltr'>parentibus</span> <span class='ocrx_word' id='word_1_169' title='bbox 1157 3247 1310 3330; x_wconf 84' lang='lat' dir='ltr'>cognatis</span> 
     </span>
     <span class='ocr_line' id='line_1_27' title="bbox 525 3343 1334 3431; baseline 0.002 -22"><span class='ocrx_word' id='word_1_170' title='bbox 525 3349 574 3410; x_wconf 82' lang='lat' dir='ltr'>Ae</span> <span class='ocrx_word' id='word_1_171' title='bbox 598 3368 655 3430; x_wconf 90' lang='lat' dir='ltr'>pro</span> <span class='ocrx_word' id='word_1_172' title='bbox 679 3344 803 3408; x_wconf 82' lang='lat' dir='ltr'>cunetis</span> <span class='ocrx_word' id='word_1_173' title='bbox 828 3343 982 3406; x_wconf 85' lang='lat' dir='ltr'>fidelibus</span> <span class='ocrx_word' id='word_1_174' title='bbox 1006 3351 1044 3406; x_wconf 91' lang='lat' dir='ltr'>ut</span> <span class='ocrx_word' id='word_1_175' title='bbox 1068 3366 1173 3408; x_wconf 90' lang='lat' dir='ltr'>rorem</span> <span class='ocrx_word' id='word_1_176' title='bbox 1197 3347 1334 3431; x_wconf 78' lang='lat' dir='ltr'>pietatis</span> 
     </span>
     <span class='ocr_line' id='line_1_28' title="bbox 523 3445 1309 3531; baseline 0.003 -20"><span class='ocrx_word' id='word_1_177' title='bbox 523 3447 687 3511; x_wconf 77' lang='lat' dir='ltr'>infundas</span> <span class='ocrx_word' id='word_1_178' title='bbox 711 3446 756 3508; x_wconf 89' lang='lat' dir='ltr'>eis</span> <span class='ocrx_word' id='word_1_179' title='bbox 776 3445 902 3530; x_wconf 75' lang='lat' dir='ltr'>jugiter</span> <span class='ocrx_word' id='word_1_180' title='bbox 926 3445 1170 3531; x_wconf 78' lang='lat' dir='ltr'>conjungasque</span> <span class='ocrx_word' id='word_1_181' title='bbox 1194 3448 1309 3513; x_wconf 79' lang='lat' dir='ltr'>beatis,</span> 
     </span>
    </p>

    <p class='ocr_par' dir='ltr' id='par_1_12' title="bbox 480 3548 1375 3937">
     <span class='ocr_line' id='line_1_29' title="bbox 480 3548 1278 3632; baseline 0 -18"><span class='ocrx_word' id='word_1_182' title='bbox 480 3551 543 3617; x_wconf 83' lang='lat' dir='ltr'>Pro</span> <span class='ocrx_word' id='word_1_183' title='bbox 566 3548 738 3613; x_wconf 76' lang='lat' dir='ltr'>animabus</span> <span class='ocrx_word' id='word_1_184' title='bbox 762 3548 872 3622; x_wconf 80' lang='lat' dir='ltr'>etiem,</span> <span class='ocrx_word' id='word_1_185' title='bbox 896 3553 1072 3632; x_wconf 84' lang='lat' dir='ltr'>parentum</span> <span class='ocrx_word' id='word_1_186' title='bbox 1096 3551 1278 3615; x_wconf 83' lang='lat' dir='ltr'>arnicorum</span> 
     </span>
     <span class='ocr_line' id='line_1_30' title="bbox 525 3649 1375 3718; baseline 0.005 -4"><span class='ocrx_word' id='word_1_187' title='bbox 525 3651 776 3715; x_wconf 83' lang='lat' dir='ltr'>Benefeetorum</span> <span class='ocrx_word' id='word_1_188' title='bbox 802 3649 948 3713; x_wconf 89' lang='lat' dir='ltr'>omnium</span> <span class='ocrx_word' id='word_1_189' title='bbox 974 3651 1120 3715; x_wconf 83' lang='lat' dir='ltr'>fidelium</span> <span class='ocrx_word' id='word_1_190' title='bbox 1144 3653 1375 3718; x_wconf 85' lang='lat' dir='ltr'>defunctorum</span> 
     </span>
     <span class='ocr_line' id='line_1_31' title="bbox 523 3750 1289 3837; baseline 0.004 -23"><span class='ocrx_word' id='word_1_191' title='bbox 523 3752 597 3815; x_wconf 82' lang='lat' dir='ltr'>&#39;libi</span> <span class='ocrx_word' id='word_1_192' title='bbox 621 3772 730 3837; x_wconf 83' lang='lat' dir='ltr'>preces</span> <span class='ocrx_word' id='word_1_193' title='bbox 754 3750 861 3825; x_wconf 88' lang='lat' dir='ltr'>offero,</span> <span class='ocrx_word' id='word_1_194' title='bbox 886 3752 1027 3837; x_wconf 84' lang='lat' dir='ltr'>benigne</span> <span class='ocrx_word' id='word_1_195' title='bbox 1051 3753 1121 3817; x_wconf 81' lang='lat' dir='ltr'>Rex</span> <span class='ocrx_word' id='word_1_196' title='bbox 1146 3755 1289 3819; x_wconf 83' lang='lat' dir='ltr'>celorum</span> 
     </span>
     <span class='ocr_line' id='line_1_32' title="bbox 526 3852 1349 3937; baseline 0.002 -18"><span class='ocrx_word' id='word_1_197' title='bbox 526 3856 576 3919; x_wconf 90' lang='lat' dir='ltr'>Ut</span> <span class='ocrx_word' id='word_1_198' title='bbox 599 3854 700 3918; x_wconf 74' lang='lat' dir='ltr'>(lones</span> <span class='ocrx_word' id='word_1_199' title='bbox 724 3852 770 3916; x_wconf 88' lang='lat' dir='ltr'>eis</span> <span class='ocrx_word' id='word_1_200' title='bbox 794 3855 940 3937; x_wconf 83' lang='lat' dir='ltr'>requiem</span> <span class='ocrx_word' id='word_1_201' title='bbox 965 3855 1000 3917; x_wconf 91' lang='lat' dir='ltr'>in</span> <span class='ocrx_word' id='word_1_202' title='bbox 1024 3856 1133 3919; x_wconf 81' lang='lat' dir='ltr'>secula</span> <span class='ocrx_word' id='word_1_203' title='bbox 1156 3856 1349 3921; x_wconf 84' lang='lat' dir='ltr'>seculorum.</span> 
     </span>
    </p>

    <p class='ocr_par' dir='ltr' id='par_1_13' title="bbox 1215 3963 1331 4024">
     <span class='ocr_line' id='line_1_33' title="bbox 1215 3963 1331 4024; baseline 0.009 -1"><span class='ocrx_word' id='word_1_204' title='bbox 1215 3963 1331 4024; x_wconf 85' lang='lat' dir='ltr'>Amen.</span> 
     </span>
    </p>
   </div>
   <div class='ocr_carea' id='block_1_3' title="bbox 270 4192 1489 4615">
    <p class='ocr_par' dir='ltr' id='par_1_14' title="bbox 270 4192 1489 4615">
     <span class='ocr_line' id='line_1_34' title="bbox 490 4192 1489 4313; baseline -0.002 -22"><span class='ocrx_word' id='word_1_205' title='bbox 490 4225 686 4291; x_wconf 80' lang='lat' dir='ltr'>l‘salterium</span> <span class='ocrx_word' id='word_1_206' title='bbox 721 4222 822 4288; x_wconf 80' lang='lat' dir='ltr'>Beate</span> <span class='ocrx_word' id='word_1_207' title='bbox 858 4223 963 4287; x_wconf 83' lang='lat' dir='ltr'>Merie</span> <span class='ocrx_word' id='word_1_208' title='bbox 998 4223 1037 4287; x_wconf 85' lang='lat' dir='ltr'>de</span> <span class='ocrx_word' id='word_1_209' title='bbox 1062 4192 1204 4287; x_wconf 77' lang='lat' dir='ltr'>Psalmis</span> <span class='ocrx_word' id='word_1_210' title='bbox 1229 4222 1339 4289; x_wconf 81' lang='lat' dir='ltr'>Sacris</span> <span class='ocrx_word' id='word_1_211' title='bbox 1371 4224 1489 4313; x_wconf 89' lang='lat' dir='ltr'>Sump-</span> 
     </span>
     <span class='ocr_line' id='line_1_35' title="bbox 270 4294 1265 4412; baseline -0.008 -15"><span class='ocrx_word' id='word_1_212' title='bbox 270 4294 379 4412; x_wconf 53' lang='lat' dir='ltr'>ffiupr</span> <span class='ocrx_word' id='word_1_213' title='bbox 442 4343 525 4395; x_wconf 89' lang='lat' dir='ltr'>tum.</span> <span class='ocrx_word' id='word_1_214' title='bbox 573 4328 621 4392; x_wconf 87' lang='lat' dir='ltr'>Fl&#39;.</span> <span class='ocrx_word' id='word_1_215' title='bbox 639 4326 680 4391; x_wconf 88' lang='lat' dir='ltr'>vi.</span> <span class='ocrx_word' id='word_1_216' title='bbox 700 4329 751 4401; x_wconf 80' lang='lat'>14,</span> <span class='ocrx_word' id='word_1_217' title='bbox 768 4325 799 4389; x_wconf 85' lang='lat' dir='ltr'>ff.</span> <span class='ocrx_word' id='word_1_218' title='bbox 817 4326 913 4388; x_wconf 81' lang='lat'>8-22.</span> <span class='ocrx_word' id='word_1_219' title='bbox 932 4325 1044 4390; x_wconf 83' lang='lat' dir='ltr'>Cemb.</span> <span class='ocrx_word' id='word_1_220' title='bbox 1061 4323 1161 4389; x_wconf 88' lang='lat' dir='ltr'>Univ.</span> <span class='ocrx_word' id='word_1_221' title='bbox 1179 4324 1265 4389; x_wconf 86' lang='lat' dir='ltr'>Libr.</span> 
     </span>
     <span class='ocr_line' id='line_1_36' title="bbox 272 4427 794 4515; baseline -0.017 -16"><span class='ocrx_word' id='word_1_222' title='bbox 272 4427 346 4481; x_wconf 65' lang='lat' dir='ltr'>VM·</span> <span class='ocrx_word' id='word_1_223' title='bbox 485 4430 611 4515; x_wconf 83' lang='lat' dir='ltr'>Incipit</span> <span class='ocrx_word' id='word_1_224' title='bbox 633 4427 794 4514; x_wconf 77' lang='lat' dir='ltr'>prologus.</span> 
     </span>
     <span class='ocr_line' id='line_1_37' title="bbox 530 4530 1179 4615; baseline -0.005 -18"><span class='ocrx_word' id='word_1_225' title='bbox 530 4534 643 4597; x_wconf 88' lang='lat' dir='ltr'>Mente</span> <span class='ocrx_word' id='word_1_226' title='bbox 667 4530 816 4615; x_wconf 91' lang='lat' dir='ltr'>eoneipio</span> <span class='ocrx_word' id='word_1_227' title='bbox 840 4530 955 4594; x_wconf 81' lang='lat' dir='ltr'>laudes</span> <span class='ocrx_word' id='word_1_228' title='bbox 977 4530 1179 4595; x_wconf 84' lang='lat' dir='ltr'>conscribere</span> 
     </span>
    </p>
   </div>
   <div class='ocr_carea' id='block_1_4' title="bbox 0 0 1572 5544">
    <p class='ocr_par' dir='ltr' id='par_1_15' title="bbox 0 0 1572 5544">
     <span class='ocr_line' id='line_1_38' title="bbox 0 0 1572 5544; baseline 0 0"><span class='ocrx_word' id='word_1_229' title='bbox 0 0 1572 5544; x_wconf 95' lang='lat' dir='ltr'> </span> 
     </span>
    </p>
   </div>
  </div>
 </body>
</html>
