3134 5544
395 714 570 764 srrsronn
590 713 766 764 sosarnus
788 713 963 763 escum.
1139 699 1206 765 863

151 883 425 953 benedictionem
470 887 547 953 Jam
571 887 769 974 septimis
791 887 945 974 pluribus
960 888 1123 953 revolutis
1146 909 1206 954 nos
1222 878 1374 955 ΜΒΝ*

153 989 249 1054 vobis
270 990 437 1076 scripsisse
461 990 671 1055 meminimus
693 991 729 1054 in
753 991 859 1056 forma
873 991 1012 1056 inferius
1026 999 1205 1056 annotata:
1221 945 1336 1062 aznot

152 1088 243 1154 -In
274 1092 378 1156 sacris
408 1091 603 1167 canonibus,
629 1089 705 1157 ete.¹
752 1092 770 1126 ⁸
820 1091 838 1125 ⁸
887 1092 906 1126 ⁴
930 1092 1057 1157 Datum
1091 1115 1121 1156 v.
1161 1093 1206 1157 id.
1223 1078 1324 1129 ’ΝΜ

154 1188 363 1267 Novembris,
396 1191 611 1273 etat-Quia
643 1192 749 1279 igitur
771 1193 977 1278 praemissum
1011 1195 1205 1259 mandatum
1223 1163 1380 1215 B's'mb'

154 1300 304 1357 nosumn
342 1293 503 1358 videmini
550 1294 684 1379 penitus
717 1295 962 1380 contempsisse,
995 1316 1055 1360 vos
1087 1296 1208 1361 iterato

154 1415 307 1480 rogamus
327 1396 454 1481 pariter
475 1402 511 1461 et
533 1417 711 1472 monemus,
734 1401 899 1481 quatenus
920 1397 1009 1463 sicut
1029 1397 1071 1462 de
1093 1396 1208 1463 favore

154 1516 302 1561 errorum
338 1504 456 1563 eontra
488 1518 571 1582 quos
603 1497 734 1584 agimus
763 1498 959 1583 reprehendi
996 1519 1064 1562 non
1095 1499 1209 1576 vultis,

155 1597 351 1682 pradictum
374 1597 570 1664 mandatum
592 1606 742 1664 nostrum
767 1599 949 1664 secundum
982 1622 1080 1663 suum
1113 1606 1208 1665 teno-

155 1720 223 1763 rem
247 1700 434 1765 executioni
465 1700 588 1766 debitae
617 1701 690 1765 sine
727 1700 900 1766 dilationis
921 1702 1130 1767 incommodo
1152 1704 1208 1767 de·

155 1800 339 1879 mandetis3
367 1809 403 1867 et
426 1802 487 1868 hoo
508 1801 571 1866 sub
586 1823 687 1888 poena
707 1802 939 1887 suspensionis,
964 1824 1065 1888 quam
1088 1804 1124 1866 in
1149 1825 1209 1868 vos

156 1901 234 1966 lieet
256 1903 356 1967 inviti
388 1903 534 1978 ierimus,
556 1904 584 1967 si
619 1903 655 1967 in
689 1903 884 1988 exequendo
907 1904 1065 1969 mandato
1096 1914 1209 1969 nostro

156 2002 361 2089 negligentes
392 2004 524 2069 fueritis
555 2009 617 2069 aut
650 2005 787 2069 remissi.
834 2004 923 2084 Quid
946 2011 1059 2070 autem
1084 2006 1120 2068 in
1143 2005 1209 2070 hiis

156 2104 308 2180 feceritis,
330 2105 468 2192 etquid
491 2106 594 2170 etiam
618 2106 825 2181 inveneritis,
849 2104 945 2169 nobis
967 2107 1052 2171 citra
1074 2107 1209 2171 octabm

158 2205 363 2291 Epiphaniae,
395 2206 585 2291 ubicunque
616 2206 651 2270 in
681 2212 798 2271 nostra
829 2208 1000 2291 provincia
1039 2207 1208 2287 fuerimus,

156 2326 216 2392 per
237 2314 364 2372 vestras
386 2314 540 2393 patentes
560 2307 677 2372 literas
707 2307 826 2372 harum
850 2309 968 2371 seriem
991 2310 1210 2385 continentes,

157 2408 300 2473 fideliter
332 2409 526 2474 rescribatis
589 2409 713 2473 Valete.
761 2409 887 2473 Datum
919 2410 1011 2494 apud
1044 2410 1208 2475 Brundes-

155 2510 232 2583 ton',
271 2510 327 2574 vii.
363 2510 406 2575 id.
452 2509 653 2585 Decembris,
687 2531 776 2575 anno
811 2510 948 2574 Domini
972 2525 1050 2575 irco.
1074 2518 1205 2597 octoge-

157 2612 241 2676 simo
263 2622 392 2696 quarto,
413 2611 632 2679 ordinationis
654 2617 777 2677 nostrie
800 2620 904 2676 sexto.

607 2933 762 3000 Dcxxl.

381 3064 432 3128 Το
454 3078 525 3127 sss
548 3061 653 3126 Dm
675 3078 721 3126 or
744 3061 983 3127 Rrssosocos.

203 3191 319 3255 Frater
339 3189 549 3274 J[ohannea],
570 3193 642 3263 etc,
664 3187 786 3251 dilecto
819 3186 887 3251 filio
920 3188 1044 3252 decano
1074 3207 1135 3251 suo
1166 3186 1207 3250 de
1257 3174 1340 3286 ἐξ·

159 3292 354 3379 Ryseberge,
377 3291 527 3363 salutem,
549 3289 692 3370 gratiam
714 3297 750 3353 et
771 3288 1041 3353 benedictionem
1087 3287 1206 3351 Trans·
1225 3301 1343 3378 baua

158 3404 275 3459 euntes
302 3401 420 3458 testate
443 3391 612 3477 praeterita
645 3412 705 3476 per
736 3389 905 3455 eeclesiam
937 3390 977 3454 de
1009 3389 1207 3475 Ryseberge,
1223 3368 1366 3482 ffiffl

158 3497 228 3563 tibi
252 3496 374 3561 ibidem
409 3494 626 3579 personaliter
659 3492 814 3579 presenti
847 3491 974 3556 dedisse
997 3491 1207 3555 meminimus
1223 3499 1343 3582 ιςααοί

159 3598 195 3661 in
218 3596 394 3671 mandatis,
416 3603 457 3659 ut
479 3616 613 3660 vocares
635 3600 793 3659 rectorem
816 3594 858 3657 de
882 3592 1028 3657 Neuton'
1051 3592 1094 3657 ad
1129 3592 1209 3657 saci·
1225 3567 1373 3681 mum

158 3698 279 3763 endum
303 3698 339 3760 in
369 3695 484 3760 eadem
518 3694 655 3760 eeclesia
685 3693 900 3758 residentiam
923 3692 1133 3778 corporalem,
1172 3700 1209 3756 et
1225 3696 1355 3746 moene-

159 3797 384 3886 suscipiendos
406 3797 538 3861 ordines
571 3817 653 3881 quos
685 3796 758 3881 ipsa
790 3816 870 3860 cura
903 3795 1051 3880 requirit,
1074 3794 1209 3880 praefixo
1225 3763 1347 3911 zm

158 3901 222 3965 sibi
260 3899 303 3964 ad
342 3899 403 3964 hoc
436 3898 578 3962 termino
609 3898 819 3982 competenti,
842 3904 877 3960 et
904 3906 942 3959 ut
975 3896 1076 3960 etiam
1114 3896 1210 3960 dares
1348 3897 1355 3910 '

159 4022 292 4087 operam
316 4020 358 4064 ne
381 3998 616 4063 fraudarentur
637 3999 767 4063 fructus
788 3997 942 4070 eeclesiae,
969 3998 1057 4062 sicut
1088 3998 1129 4061 de
1162 3998 1210 4061 eis

159 4101 261 4166 velles
284 4099 427 4164 fideliter
459 4099 664 4185 respondere
712 4098 763 4163 De
795 4098 891 4182 cujus
922 4098 1071 4161 mandati
1104 4098 1210 4162 nostri

159 4202 353 4269 executione
375 4200 460 4264 nihil
483 4200 579 4266 nobis
600 4214 716 4286 postea
737 4200 895 4275 innotuit,
909 4208 971 4263 aut
992 4199 1072 4283 quid
1096 4199 1212 4264 seceris

160 4307 196 4370 in
227 4304 289 4368 hec
324 4312 425 4388 parte.
482 4302 644 4381 Quocirca
674 4302 738 4365 tihi
771 4301 978 4386 injungimus
1010 4301 1046 4363 in
1084 4302 1212 4364 virtute

164 4542 210 4586 lua
712 4529 757 4578 bu
768 4539 812 4577 not
830 4531 893 4577 been
914 4528 1023 4591 thought
1043 4543 1170 4591 siue-sar>
1186 4540 1214 4575 ro

195 4573 282 4663 {ns
302 4613 376 4665 tter
396 4609 603 4661 ursocius.
637 4609 663 4659 n
713 4608 837 4672 repam
