3134 5544
391 718 559 767 nersroan
582 718 756 766 Jousnsrs
780 715 958 766 rucunrn.
1138 695 1202 765 799

152 895 237 955 atur.
295 889 369 957 Ncc
392 891 489 957 liceat
520 891 583 957 tibi
606 891 695 976 prior
717 889 843 974 aliquid
868 889 909 953 de
936 889 1031 954 bonis
1061 888 1204 955 eeclesiae

152 992 335 1077 cuicunque
352 993 510 1058 exterius,
526 992 648 1078 largiri,
665 993 735 1056 sino
756 991 895 1057 fratrum
920 997 1053 1057 tuorum
1069 989 1205 1058 consilio

154 1099 188 1157 et
202 1115 347 1171 assensu,
363 1116 437 1160 cum
453 1095 541 1160 bona
563 1095 631 1159 sint
653 1094 796 1159 ecclesie
812 1100 846 1159 et
869 1116 936 1159 non
952 1099 1019 1160 tua.
1076 1094 1126 1158 De
1143 1093 1206 1157 ole-

155 1197 281 1261 mosina
301 1202 414 1262 autom
438 1197 551 1263 taliter
577 1196 776 1273 ordinamus,
801 1203 838 1261 ut
862 1196 1017 1263 videlicet
1040 1196 1130 1261 omni
1153 1195 1206 1259 dio

156 1298 285 1364 residua
308 1321 496 1365 mensarum
518 1299 719 1384 pauperibus
742 1304 902 1385 erogetur.
959 1299 1003 1363 Et
1034 1321 1110 1366 oum
1146 1298 1208 1362 hoo

155 1401 256 1466 ctiam
272 1423 425 1468 mensura
440 1403 536 1489 grani
552 1402 606 1466 die
622 1401 770 1486 qualibet
785 1423 860 1486 quau
885 1399 1047 1468 bassallus
1063 1422 1206 1467 commu-

156 1503 244 1568 niter
265 1504 460 1590 appellatur,
484 1502 611 1570 ethaeo
634 1524 788 1568 mensura
812 1502 929 1567 diebus
952 1503 1125 1569 dominicis
1147 1503 1207 1566 du·

154 1605 303 1689 plicetur,
320 1606 370 1671 ita
392 1605 480 1691 quod
503 1605 540 1669 in
555 1604 704 1690 qualibet
726 1604 913 1690 septimana
936 1626 1089 1671 mensura
1112 1604 1207 1690 grani

156 1706 263 1791 major
293 1728 367 1792 quae
390 1706 573 1792 vulgariter
604 1726 741 1771 mariscus
772 1705 903 1782 dicitur,
926 1728 1001 1772 cum
1023 1727 1208 1772 mensarum

157 1808 298 1872 residuis
314 1807 534 1872 distribuatur
548 1807 747 1893 pauperibus
763 1812 798 1872 et
814 1808 933 1893 egenis.
968 1809 1012 1873 Et
1023 1810 1102 1893 quia
1114 1808 1209 1873 Beati

160 1910 331 1976 Benedicti
364 1910 510 1995 regulam
549 1911 635 1975 circa
669 1931 760 1974 esum
793 1910 940 1974 earnium
974 1916 1104 1977 constat
1141 1933 1209 1976 esse

159 2013 300 2098 rigidam
317 2020 351 2077 ot
365 2018 529 2078 austeram
543 2036 551 2091 ;
574 2012 653 2097 quia
668 2013 768 2077 etiam
784 2017 948 2077 statutum
965 2013 1066 2099 legati
1082 2014 1211 2079 inhibet

158 2137 200 2179 ne
224 2114 374 2179 monachi
397 2136 506 2180 eoram
531 2114 742 2180 saecularibus
765 2135 878 2180 carnes
900 2117 1047 2180 audeant
1069 2117 1210 2181 mandu-

158 2238 240 2295 care,
250 2217 408 2280 miramur
422 2216 602 2301 plurimum
619 2216 761 2300 qualiter
777 2238 835 2281 ros
848 2222 882 2281 ct
898 2221 1019 2283 secreto
1033 2222 1067 2281 et
1083 2218 1212 2302 publice

160 2340 274 2383 carnes
296 2317 425 2383 audetis
460 2317 627 2383 comedere
661 2317 865 2384 dedecenter.
909 2316 1065 2382 Volentes
1099 2323 1137 2382 ut
1172 2319 1212 2383 (lc

159 2438 274 2497 cetero,
294 2421 395 2506 juxta
428 2421 514 2505 quod
550 2421 677 2505 patitur
709 2420 854 2486 humana
885 2421 1055 2507 fragilitas,
1089 2423 1124 2484 in
1151 2421 1213 2486 hoc

162 2532 279 2586 restra·
303 2523 440 2586 servetis
463 2521 584 2607 regulae
608 2522 797 2607 puritatem,
821 2527 855 2586 ct
879 2523 979 2587 etiam
1013 2523 1048 2586 in
1080 2522 1212 2588 silentio

161 2631 194 2687 et
218 2624 291 2687 aliis
314 2622 532 2687 olnerrantiis
555 2622 744 2688 annaniae
777 2621 967 2707 disciplinae.
1024 2623 1127 2687 Priori
1163 2623 1212 2688 in-

161 2747 259 2811 ¹super
282 2726 337 2810 qui
362 2746 421 2810 pro
454 2734 598 2809 tempore
631 2724 732 2788 suerit
764 2723 911 2790 districte
935 2726 1152 2812 praecipimus,
1176 2732 1213 2790 ut

166 2829 209 2892 sit
235 2827 392 2893 sollicitus
415 2827 500 2891 circa
523 2848 591 2890 sure
615 2826 749 2891 familiae
784 2825 997 2905 honestatem,
1021 2833 1054 2892 et
1088 2848 1213 2913 praeno-

164 2931 298 2994 minatis
333 2929 535 3014 temporibus
568 2929 713 3013 inquirat
749 2929 892 2992 exterius
928 2935 962 2994 et
995 2931 1132 2995 interius
1167 2936 1215 2994 ter

167 3035 200 3096 in
241 3053 328 3096 anno
366 3031 405 3095 de.
444 3051 576 3094 snorum
615 3029 828 3094 familiarium
868 3031 1047 3096 honestate.
1105 3032 1150 3096 Et
1188 3033 1214 3095 si

164 3156 245 3218 quos
270 3133 432 3196 invenerit
456 3132 708 3197 incontinentia
726 3133 933 3217 turpitudine
958 3133 1146 3210 maculatos,
1163 3156 1217 3198 eos

165 3258 241 3301 asc
265 3241 424 3321 perpetuo
447 3239 600 3298 amoveat
634 3232 687 3297 vel
722 3234 763 3297 ad
799 3240 937 3320 tempus.
996 3235 1082 3316 Quia
1116 3237 1215 3301 etiam

166 3338 255 3423 prior
277 3337 388 3401 omnia
411 3335 537 3421 collegii
570 3336 622 3399 sui
657 3335 790 3421 negotia
822 3336 920 3401 debet
954 3338 1134 3404 seeundum
1169 3361 1217 3403 re-

165 3439 277 3526 gulam
313 3446 452 3504 tractare
487 3438 520 3500 in
552 3437 697 3522 capitulo
731 3459 839 3503 eornm
871 3438 1028 3504 fratribus
1061 3441 1112 3506 rel
1145 3462 1218 3506 cum

167 3542 302 3607 consilio
333 3541 507 3613 seniorum,
539 3539 691 3604 volumus
731 3546 769 3604 ut
807 3539 947 3605 ballivos
991 3549 1025 3606 et
1070 3543 1220 3609 custodes

168 3645 328 3708 bonorum
351 3642 494 3707 ecclcsiae
534 3641 703 3707 interiores
737 3647 771 3706 ct
803 3643 981 3707 exteriores
1013 3644 1053 3707 de
1085 3643 1220 3709 consilio

171 3744 274 3810 iaciat
290 3742 476 3807 eorundem.
523 3742 685 3807 Prrutcrea
710 3744 788 3827 quia
809 3744 1042 3808 monasterium
1067 3751 1222 3819 restrum,

171 3853 333 3932 errantum
355 3846 397 3909 ad
421 3844 607 3931 spiritualia
630 3851 664 3907 ct
698 3844 891 3929 temporalia
914 3847 1093 3911 venerabili
1127 3847 1220 3912 fratri

170 3952 283 4012 nostro
306 3946 458 4031 episcopo
493 3944 699 4010 Landnrcnsi
734 3944 915 4010 dinoscitur
938 3967 1005 4011 csse
1029 3948 1222 4033 subjectum,

171 4051 324 4114 volumus
362 4054 401 4112 ut
435 4047 584 4133 quolibet
615 4068 702 4112 anno
738 4053 885 4133 tempore
921 4048 1121 4114 visitationis
1155 4072 1222 4113 sua·

171 4152 284 4217 videat
306 4150 449 4235 qualiter
484 4148 554 4213 hac
577 4148 797 4212 ordinationis
820 4148 961 4213 nostrru¹
987 4151 1084 4214 series
1117 4151 1224 4215 obser-

175 4258 281 4327 vetur,
318 4256 356 4315 ut
390 4273 447 4335 per
483 4251 589 4336 ipsum
626 4249 720 4313 nobis
753 4251 951 4315 innotescere
988 4251 1104 4323 volent,
1127 4274 1224 4337 quem

172 4356 323 4419 ellectum
360 4354 393 4414 in
420 4351 512 4415 rolris
544 4350 698 4414 lrulurcrit
733 4349 824 4414 lnlror
858 4358 976 4416 noster.
1024 4355 1086 4415 (tui
1123 4355 1223 4418 etiam

175 4455 382 4541 injunximus
406 4460 445 4516 ut
467 4452 605 4517 sollicite
630 4453 802 4538 provideat
826 4454 866 4517 dc
890 4476 1026 4519 numero
1050 4455 1224 4520 monacho-

174 4579 246 4622 rum
282 4555 462 4621 secundum
486 4555 656 4639 antiquam
681 4556 948 4619 consuetudinem
975 4558 1169 4639 integrando
1192 4564 1226 4622 ct

575 4746 580 4776 ¹
602 4746 706 4810 rreralm]
721 4762 782 4795 sum
798 4748 826 4795 ll.
