3134 5544
417 713 783 766 sensumsensurn
806 716 986 795 recussu,
1156 706 1220 770 905

170 903 282 965 nostro
313 899 449 966 consilio
482 900 714 986 praevenimus,
746 902 826 988 quia
856 908 892 968 et
922 904 965 969 ad
999 904 1061 971 hoc
1094 904 1219 972 Christi
1271 943 1273 947 Α

167 1002 288 1067 caritas
319 1023 379 1067 nos
412 1002 552 1069 inclinat
589 1007 625 1067 et
657 1003 871 1089 praejudicare
909 1027 977 1071 non
1014 1007 1219 1073 intendimus

166 1102 302 1169 consilio
324 1105 455 1190 potiori.
501 1105 751 1171 Offenderemus
784 1108 886 1173 etiam
918 1109 1152 1175 conscientiam
1184 1118 1218 1177 et

166 1205 320 1271 fraternae
335 1207 485 1272 debitum
509 1207 657 1273 caritatis
680 1210 708 1273 si
731 1210 878 1295 pericula
900 1211 994 1275 vobis
1017 1217 1052 1277 et
1075 1213 1218 1281 ecclesiae

165 1314 285 1374 vestrae
319 1330 394 1394 quae
425 1309 588 1375 credimus
620 1310 831 1377 imminentia
864 1319 1054 1378 taceremus.
1099 1315 1217 1383 Valete

164 1432 292 1495 semper
314 1412 350 1476 in
373 1410 514 1488 Christo,
537 1433 664 1498 semper
687 1419 722 1478 et
745 1413 881 1499 Virgine
905 1415 1063 1482 Gloriosa.
1088 1416 1215 1484 Datum

165 1512 231 1577 kal.
254 1512 358 1579 Junii.

585 1839 786 1907 DCXLVII.

234 1967 284 2032 Το
306 1984 376 2032 rus
398 1968 517 2032 Auser
539 1983 613 2031 run
636 1965 807 2033 Couvsrr
829 1986 873 2034 or
897 1969 1137 2039 duacensem.

204 2115 327 2181 Abbati
362 2122 397 2181 et
429 2117 609 2182 conventui
644 2116 840 2184 Gloverniae
887 2118 1022 2199 Quanto
1055 2121 1137 2186 Frat
1123 2127 1212 2187 trum
1273 2159 1345 2206 12⁸5

162 2216 329 2282 lliuorum
352 2219 634 2283 conversationem
650 2226 685 2284 et
706 2241 806 2306 opera
821 2221 1073 2307 inperfectione
1089 2245 1212 2289 euuan-
1231 2224 1277 2337 0¹¹
1292 2223 1371 2274 June.

160 2320 264 2405 gelica
286 2326 381 2386 sanet
382 2321 434 2383 ius
456 2321 611 2385 novimus
633 2323 828 2408 prosperari,
846 2329 941 2387 tanto
922 2324 1062 2409 oipsos‚
1085 2325 1121 2388 in
1143 2327 1212 2392 suis
1229 2302 1361 2418 ιηὲῃιιιιῃ

160 2422 351 2508 privilegiis,
375 2444 515 2508 quorum
537 2424 783 2489 conservationi
817 2426 961 2491 auctorit
962 2446 998 2489 as
1032 2419 1377 2549 ³P0⁸l015022¹¹33¹52⁸

159 2547 218 2589 nos
278 2525 437 2610 praefecit,
489 2546 661 2590 censemus
713 2525 930 2591 favorabilius
982 2528 1209 2596 confovendos.
1227 2502 1293 2602 ιιι,

160 2629 246 2694 Sane
279 2629 365 2693 sicut
388 2628 515 2693 nobis
506 2650 585 2693 rnno
588 2630 664 2706 tuit,
695 2629 831 2715 quidam
864 2651 970 2715 nuper
1004 2632 1040 2695 in
1070 2633 1207 2699 munici-
1225 2619 1379 2750 {mm

157 2733 212 2818 pio
236 2731 424 2795 Glovemire
451 2730 561 2795 liberae
589 2731 787 2796 conditionis
810 2732 966 2809 existens,
981 2738 1016 2797 et
1031 2733 1142 2799 fatalit
1128 2736 1207 2801 tatis
1224 2751 1347 2803 hiswish

159 2835 273 2899 debito
296 2834 575 2919 appropinquans,
598 2834 689 2947 apud
712 2834 845 2898 Fratres
868 2834 1013 2901 Minores
1036 2837 1144 2924 elegit,
1168 2846 1207 2905 ut
1193 2843 1382 2905 tlt-futh·

159 2937 289 3009 dieitur‚
324 2935 541 3020 sepulturam,
580 2956 633 3018 cuj
625 2935 675 2998 'us
709 2956 827 3021 corpus
865 2936 1001 3021 quidam
1039 2937 1079 3002 de
1103 2941 1207 3020 vobis,
1225 2909 1344 2963 Am

157 3038 231 3103 aliis
265 3038 404 3103 forsitan
437 3026 647 3113 inconsultis,
679 3037 839 3102 contra
824 3060 881 3121 Jus
911 3059 1094 3117 commune,
1125 3041 1207 3107 dicti

160 3139 310 3204 defuncti
334 3138 564 3216 ¹voluntatem,
586 3138 796 3223 fratrumque
828 3138 1003 3225 privilegia
1037 3144 1207 3227 praeserip-

157 3248 277 3317 torum,
300 3242 463 3307 violenter
484 3242 528 3306 ad
550 3249 701 3305 vestrum
732 3240 883 3306 fecenunt
914 3243 1041 3328 portari
1075 3265 1205 3310 rnonas-

159 3344 288 3419 terium,
328 3350 364 3407 et
401 3343 524 3408 ibidem
562 3364 623 3429 pro
657 3364 717 3406 suo
755 3341 852 3408 libito
890 3344 1057 3408 tumulari.
1118 3346 1204 3411 Cum

157 3445 262 3531 igitur
293 3444 379 3508 nihil
411 3446 519 3531 magis
550 3442 740 3508 hominibus
766 3444 926 3510 debeatur
949 3465 1048 3530 quam
1079 3452 1119 3511 ut
1150 3470 1204 3511 su-

156 3567 278 3633 premae
301 3546 487 3611 voluntatis
521 3545 606 3610 liber
643 3545 688 3609 sit
726 3545 831 3621 stilus,
868 3547 962 3632 cujus
1000 3548 1203 3613 contrarium

154 3649 277 3714 nedum
301 3649 337 3713 ιιι
359 3670 437 3714 casu
460 3648 637 3735 preposite,
672 3670 788 3713 verum
820 3648 921 3713 etiam
954 3648 1035 3713 alias
1069 3651 1104 3713 in
1127 3673 1204 3716 con·

155 3752 256 3816 simili
294 3774 353 3838 per
386 3773 445 3816 vos
476 3751 600 3816 dieitur
636 3756 885 3837 attemptatum,
925 3773 983 3817 vos
1018 3772 1131 3817 omnes
1169 3762 1203 3820 et

158 3854 308 3941 singulos
331 3855 366 3917 in
391 3855 531 3919 internae
554 3854 741 3920 dilectionis
764 3854 945 3918 visceribus
967 3853 1204 3939 amplexantes,

156 3957 371 4043 dolentesque
394 3979 436 4022 ex
460 3957 588 4033 intimo,
611 3958 639 4021 si
663 3957 832 4021 intervos
856 3960 891 4021 et
913 3956 1033 4020 fratres
1065 3958 1203 4042 pucdic·

154 4064 216 4135 tos,
247 4080 387 4144 quorum
418 4058 597 4144 privilegia
620 4080 661 4122 ex
684 4057 844 4142 injuncte,
876 4063 916 4120 ut
946 4057 1101 4133 diximus,
1123 4082 1202 4145 apo·

152 4160 270 4225 stolieo
293 4159 456 4224 babemus
481 4160 613 4224 illibata
635 4181 774 4233 servare,
791 4158 1004 4223 dissensionis
1024 4161 1203 4247 contigerit

153 4263 326 4327 materiam
361 4262 504 4327 suboriri
516 4287 523 4340 ;
556 4263 764 4327 devotionem
789 4266 934 4325 vestram
969 4268 1096 4346 ‹luanta
1126 4286 1200 4348 pos·

158 4384 274 4428 sumus
312 4364 487 4428 affcctione
525 4385 678 4449 rogamus
715 4369 879 4448 quatenus
917 4385 937 4426 a
974 4364 1108 4427 tramite
1132 4386 1199 4429 uon

154 4464 327 4530 deviantes
346 4465 498 4551 justitiae,
523 4471 697 4548 vestroque
721 4466 754 4527 ιιι
779 4464 840 4528 lrac
874 4470 968 4549 parte
992 4465 1200 4532 consulentes

152 4566 280 4642 honori,
303 4566 478 4651 praedictas
501 4566 547 4631 sie
570 4565 734 4629 studeatis
758 4564 896 4647 injurias
919 4565 1143 4632 satisfactione
1167 4576 1200 4634 et
