3134 5544
399 681 566 731 srrsrora
587 678 761 729 sonamus
782 677 959 728 recussu„
1143 667 1209 732 865

153 876 285 943 Christo
321 877 423 943 frater
454 877 529 944 W.
561 928 570 943 .
604 877 725 964 .prior
758 877 914 942 Fratrum
947 877 1205 943 Praedicatorum

151 979 290 1064 Angliae,
314 1001 412 1066 quem
436 1002 543 1065 usque
567 980 603 1044 in
626 980 698 1045 haec
720 984 872 1064 tempora
894 979 1074 1043 habuimus
1108 979 1206 1044 affec·

151 1080 339 1145 tuosissime
360 1081 638 1158 commendatum,
653 1080 807 1165 quaedam
830 1079 1025 1146 dedecentia
1046 1081 1082 1144 iu
1098 1077 1204 1144 nostri

152 1187 187 1243 et
209 1187 394 1247 nostrorum
417 1183 650 1269 praejudicium
684 1203 794 1249 coram
817 1181 912 1247 vobis
936 1182 1145 1269 congregatis
1169 1181 1205 1243 in

154 1283 271 1368 vigilia
293 1284 425 1351 Sanctae
458 1285 639 1368 Katerinae,
664 1285 753 1370 quod
776 1285 835 1348 vix
868 1285 999 1351 eredere
1022 1304 1205 1371 possumus,

154 1407 323 1471 perperam
361 1388 549 1464 seminavit,
588 1394 689 1452 testes
727 1387 885 1451 invocans
923 1387 976 1450 sui
1022 1392 1056 1451 et
1100 1385 1204 1450 nostri

154 1488 298 1554 invicem
327 1495 492 1555 tractatus
515 1490 632 1566 habiti,
655 1490 825 1575 episcopos
847 1488 921 1554 illos
944 1490 1002 1574 qui
1025 1509 1131 1574 nuper
1154 1489 1206 1552 in·

153 1595 301 1656 tererent
323 1592 492 1657 solemniis
515 1591 779 1679 Saresbyriensis
806 1591 949 1677 episcopi
974 1590 1206 1657 consecrandi:

154 1712 229 1757 cum
268 1699 381 1759 tamen
419 1694 591 1779 episcopus
636 1693 757 1777 aliquis
803 1714 863 1758 nee
901 1693 1075 1778 quisquam
1120 1692 1206 1757 alius

154 1795 344 1858 mortalium
379 1796 481 1860 verba
519 1795 694 1872 audiverit,
726 1816 799 1879 quaa
836 1794 897 1859 soli
936 1815 1010 1859 eum
1043 1795 1112 1859 solo
1143 1795 1206 1859 sub

154 1895 256 1959 solius
279 1895 342 1961 Dei
366 1896 562 1973 testimonio,
585 1904 621 1962 et
652 1897 842 1961 nullatenus
864 1896 961 1961 aliter
983 1897 1024 1961 do
1047 1901 1206 1961 annotata

155 1995 296 2061 iuferius
319 1999 458 2063 materia
488 1998 711 2083 loquebamur.
758 1997 803 2061 Et
836 1998 923 2082 quia,
945 2003 985 2061 ut
1007 1997 1102 2062 nobis
1125 1998 1206 2064 dici·

157 2103 222 2173 tur,
244 2106 359 2163 contra
380 2099 557 2164 veritatem
592 2098 731 2164 forsitan
754 2099 931 2163 oblivionis
965 2120 1064 2164 causa
1097 2099 1206 2165 dictus

156 2199 256 2285 prior,
288 2200 380 2265 salva
414 2221 475 2264 sua
505 2200 621 2285 gratia,
653 2203 777 2265 secreto
811 2205 923 2264 nostro
958 2201 1121 2284 colloquio
1155 2206 1206 2265 est

154 2299 287 2376 abusus,
309 2300 421 2363 nullus
444 2300 543 2364 debet
566 2300 777 2365 inhonestum
800 2301 851 2366 vel
889 2306 1084 2365 extraneum
1115 2301 1206 2386 judi·

154 2421 237 2476 care,
253 2401 281 2464 si
303 2402 479 2465 veritatem
503 2421 602 2484 quam
626 2402 662 2464 in
684 2401 746 2466 hae
769 2407 862 2486 parte
877 2402 1038 2477 novimus,
1055 2402 1206 2466 absentes

156 2510 195 2566 ut
217 2524 389 2588 possumus
413 2524 470 2588 per
493 2503 605 2567 literas
629 2503 665 2567 in
686 2503 837 2568 suscitati
862 2504 1050 2589 peripsum
1074 2509 1109 2568 et
1131 2525 1207 2568 suos

154 2612 270 2669 contra
285 2627 344 2669 nos
359 2611 394 2669 et
416 2610 545 2668 nostros
560 2605 705 2671 scandali
729 2606 920 2682 remedium,
935 2606 1030 2670 vobis
1046 2606 1207 2671 voraciter

155 2707 366 2791 explicemus.
397 2707 571 2772 Referente
594 2708 699 2792 igitur
722 2707 817 2771 nobis
840 2709 949 2793 priore
972 2708 1129 2794 predicto
1152 2708 1206 2772 die

154 2814 322 2893 praetactas
352 2808 605 2873 consecrationis
635 2812 712 2893 post
748 2808 933 2893 prandium,
965 2809 1053 2893 quod
1088 2809 1207 2872 fratres

156 2911 207 2972 sui
225 2910 430 2975 Oxonienses
446 2909 570 2995 pluries
585 2909 615 2973 ei
631 2909 839 2994 scripserant,
855 2932 914 2974 nos
930 2910 965 2973 in
989 2916 1099 2996 pames
1117 2910 1207 2973 Oxo·

156 3012 221 3075 niza
255 3018 468 3096 properantes
500 3010 673 3075 intendere
706 3011 851 3096 ipsorum
885 3011 992 3075 ordini
1025 3017 1060 3075 et
1082 3010 1207 3074 ordinis

155 3113 367 3197 opinionibus
401 3113 566 3197 derogare,
589 3113 818 3197 respondimus
848 3111 935 3176 bona
967 3111 1071 3191 fide;¹
1106 3133 1206 3197 quarn

157 3216 256 3279 fidem
279 3215 448 3279 tenuimus
471 3223 506 3279 et
528 3223 640 3280 tenere
667 3215 873 3279 intendimus
896 3222 1058 3298 quantum
1091 3236 1205 3300 possu-

156 3339 230 3381 mus
253 3318 324 3382 sine
347 3317 540 3402 praejudicio
563 3317 726 3392 veritatis,
749 3316 836 3401 quod
868 3337 928 3381 nee
962 3316 1069 3380 ordini
1094 3337 1205 3380 eorum

156 3440 217 3483 nec
239 3419 451 3504 opinionibus
474 3418 578 3502 ipsius
601 3417 736 3494 ordinis,
759 3439 819 3503 pro
843 3439 881 3480 eo
904 3417 992 3501 quod
1016 3423 1096 3481 sunt
1118 3417 1206 3480 ordi-

155 3521 217 3593 nis,
241 3519 495 3583 intendebamus
518 3518 766 3603 quomodolibet
789 3517 976 3597 adversari;
1000 3518 1056 3582 sed
1081 3518 1206 3583 factum

156 3620 401 3705 praedecessoris
432 3619 536 3682 nostri
570 3620 657 3684 eirca
679 3640 803 3683 errores
835 3619 878 3682 ab
912 3641 951 3683 eo
986 3620 1139 3683 inventos
1171 3619 1206 3682 in

157 3721 347 3785 liberalibus
370 3720 553 3805 disciplinis
576 3741 614 3783 ac
637 3720 812 3783 damnatos
846 3719 887 3782 de
920 3719 1056 3783 consilio
1088 3720 1207 3804 magis·

157 3810 291 3895 trinum,
324 3829 358 3885 et
397 3822 430 3883 in
466 3827 559 3906 parte
591 3822 768 3885 suscitatos
802 3821 910 3884 denuo
944 3821 978 3882 in
1017 3821 1204 3884 scandalum

157 3925 381 4010 plurimorum.
397 3923 547 4007 prosequi
567 3922 702 4005 justitia
717 3921 903 3999 mediantc3
924 3928 958 3984 et
973 3921 1208 4005 subjunximus

156 4027 244 4111 quod
268 4025 421 4088 Fratrum
458 4023 713 4088 Praedicatorum
737 4023 884 4087 ordinem
917 4023 1133 4108 diligebamus
1157 4023 1207 4087 in·

157 4130 238 4193 tirne
270 4129 355 4192 sicut
389 4128 467 4212 ipse,
501 4133 535 4191 et
568 4125 665 4189 modo
702 4146 814 4190 secure
849 4124 1000 4187 addimus
1032 4124 1207 4210 plusquam

157 4231 234 4316 ipse,
249 4231 328 4314 quia
344 4250 418 4294 curn
442 4229 513 4313 ipse
538 4228 572 4290 in
596 4233 756 4312 praetacto
779 4226 944 4310 colloquio
967 4226 1062 4289 nobis
1084 4226 1209 4291 dixerit

155 4353 264 4396 eoram
290 4331 357 4394 Deo
390 4352 423 4393 se
456 4329 497 4393 de
533 4328 726 4413 pluralitate
759 4327 939 4392 formarum
973 4327 1064 4389 illam
1097 4333 1208 4392 tenere

157 4433 295 4495 tinniter
317 4431 525 4505 sententiam,
549 4451 649 4513 qumn
682 4433 796 4492 nostra
832 4433 925 4492 tenet
956 4428 1152 4513 simplicitas
1175 4435 1210 4494 et

1089 4544 1156 4551 .--.
1178 4546 1204 4552 ..-

591 4595 597 4628 ¹
610 4595 680 4661 fiae]
697 4594 757 4654 fine,
769 4596 802 4644 Λ.
