3134 5544
423 703 592 753 nrrsronn
615 703 788 752 Jonsssrs
813 702 988 751 unornane
1149 687 1213 750 803

157 896 287 980 possint
308 895 479 962 absolvere
510 894 664 981 supprior
686 900 722 960 et
752 914 839 958 unus
862 893 948 958 alius
982 893 1090 957 senior
1124 912 1212 956 com·

159 999 271 1061 munis
301 998 570 1084 poenitentiarius
595 997 638 1062 ad
674 997 735 1063 hoc
758 1017 816 1082 per
849 996 991 1080 priorem
1022 994 1211 1079 assignatus

158 1098 199 1162 de
234 1099 369 1164 oonsilio
404 1100 630 1164 discretorum.
677 1097 757 1163 Illos
791 1117 870 1162 vero
893 1117 975 1182 quos
1007 1096 1096 1181 prior
1130 1095 1211 1160 facit

158 1222 218 1286 pro
252 1202 321 1265 auis
352 1200 529 1266 sceleribus
563 1201 599 1265 in
631 1200 736 1266 forma
774 1199 933 1286 praedicta
964 1197 1084 1264 carceri
1116 1218 1209 1261 man-

157 1304 270 1389 cipari,
300 1304 405 1389 possit
444 1310 519 1389 post
557 1302 750 1369 sufficientis
788 1303 885 1388 signa
922 1300 1130 1386 poenitentiae
1168 1299 1208 1362 de

158 1405 300 1470 fratrum
324 1405 460 1471 consilio
483 1427 504 1470 a
525 1426 652 1471 carcere
676 1405 822 1469 liberare.
871 1402 926 1468 Sic
955 1408 1068 1468 autem
1091 1407 1208 1486 apten-

159 1514 214 1572 tur
238 1529 381 1575 carceres
403 1514 442 1572 ut
465 1509 534 1573 sint
557 1509 669 1584 fortes,
692 1506 749 1573 sed
772 1507 855 1572 satis
877 1506 1037 1571 habentes
1060 1505 1101 1569 de
1124 1505 1208 1569 aeris

157 1610 303 1693 puritate
326 1616 489 1695 quantum
524 1631 691 1676 carcerum
715 1611 875 1675 securitas
898 1609 1056 1694 patietur.
1113 1606 1209 1673 Circa

158 1734 236 1776 vero
259 1713 492 1778 correctionem
527 1712 796 1798 quotidianorum
829 1712 1038 1797 neglectuum
1062 1710 1116 1775 vel
1152 1710 1207 1773 ‹le-

156 1816 304 1878 leetunm
329 1815 512 1900 cujusmodi
535 1820 624 1890 sunl,
647 1815 764 1880 fractio
787 1814 921 1888 silentii,
945 1819 980 1877 et
1010 1834 1085 1878 cum
1117 1813 1206 1897 loqui

158 1917 235 1981 licet
268 1917 439 1982 effrenatio
473 1915 627 2001 garrula,l
660 1916 714 1980 vel
745 1916 867 1981 clamor
905 1914 1057 1990 insolens
1095 1921 1208 1999 gestus

157 2021 403 2107 incompositus,
442 2020 528 2083 risus
576 2019 759 2096 dissolutio,
797 2040 945 2084 accessus
992 2017 1118 2082 tardior
1164 2017 1206 2082 ad

156 2123 353 2191 communia:
387 2122 570 2207 praesertim
613 2121 656 2186 ad
698 2120 853 2185 divinum
886 2119 1038 2195 officium,
1073 2125 1206 2205 praeter-

154 2224 268 2287 missio
290 2223 380 2288 horae
403 2225 580 2297 canonicae,
603 2224 770 2310 praecipuo
796 2222 1003 2308 completorii
1027 2222 1080 2286 vel
1104 2223 1206 2286 etiam

156 2325 323 2399 matutini,
358 2325 600 2390 inconsiderata
637 2325 865 2401 murmuratio,
903 2323 1113 2401 contumelia,
1151 2324 1207 2388 de-

156 2427 285 2501 tractio,
308 2427 525 2504 mendacium,
549 2448 718 2491 rumorum
742 2427 930 2503 ventilati0,
953 2426 1206 2511 turpiloquium,

155 2529 411 2614 stultiloquium,
437 2529 489 2593 vel
522 2528 712 2606 cachinnus,
734 2551 882 2615 egressus
913 2529 1099 2594 aclaustro
1134 2529 1206 2592 sine

156 2631 298 2706 licentia,
321 2653 467 2717 personas
498 2638 659 2717 suspectus
694 2632 902 2717 colloquium,
935 2631 1125 2696 commeatio
1149 2653 1205 2695 ex-

156 2733 376 2799 traordinaria
409 2735 537 2799 ratione
573 2734 634 2799 loci
658 2734 711 2799 vel
746 2734 912 2819 temporis,
934 2740 969 2799 et
1001 2734 1131 2820 potatio
1155 2734 1206 2797 in-

155 2836 292 2901 honesta
326 2857 385 2923 pro
417 2856 550 2901 excessu
586 2836 785 2920 quantitatis
818 2836 871 2899 vel
907 2836 1037 2901 defectu
1075 2835 1137 2900 loci
1172 2840 1207 2899 et

156 2939 320 3023 temporis,
345 2939 509 3024 praecipue
532 2945 608 3024 post
630 2938 888 3023 completorium,
903 2939 1068 3023 gradatim
1093 2939 1205 3003 taliter

155 3040 370 3126 procedatuu
402 3045 440 3103 ut
464 3039 621 3105 videlicet
656 3062 713 3125 per
750 3039 1008 3104 subtractionem
1047 3040 1204 3126 pitanciae

155 3141 208 3204 vel
231 3141 405 3226 pulmenti,
422 3141 475 3205 vel
499 3162 558 3227 per
581 3145 697 3226 potum
721 3161 826 3226 aquae,
842 3142 894 3205 vel
918 3142 1062 3206 sedendo
1086 3141 1205 3206 ultimo

156 3245 190 3308 in
206 3265 320 3308 mensa
335 3249 369 3307 et
385 3243 531 3329 capitulo
554 3251 589 3307 et
613 3244 647 3308 in
671 3243 777 3318 choro,
793 3249 828 3308 et
851 3244 1089 3318 consimilibus,
1103 3252 1206 3329 prout

155 3347 272 3410 melius
303 3346 373 3410 lieri
405 3346 539 3431 poterit,
563 3346 777 3430 castigentur,
801 3352 836 3409 et
865 3351 1031 3411 crescente
1062 3347 1204 3410 insolen-

154 3450 211 3523 tia,
244 3450 279 3512 in
312 3456 400 3512 terra
434 3447 577 3513 sedendo
608 3469 717 3513 coram
752 3448 914 3513 iratribus
948 3448 1031 3514 hora
1062 3449 1205 3534 prandii,

154 3556 188 3613 et
220 3549 357 3613 verbera
380 3549 496 3634 gravia
529 3549 564 3612 in
587 3549 735 3633 capitulo
765 3549 967 3624 sustinendo,
1002 3553 1036 3613 et
1068 3549 1202 3613 demum

153 3651 291 3736 prostati
319 3650 454 3734 jaceant
477 3650 511 3713 in
536 3649 645 3714 hostio
668 3649 807 3735 capituli
832 3651 1040 3736 ingrediente
1063 3650 1203 3736 collegio

152 3775 251 3839 super
283 3774 344 3817 eos.
407 3752 451 3816 Et
485 3753 607 3838 quibua
644 3753 711 3816 ista
748 3772 816 3815 non
851 3751 1022 3817 sufficiunt
1056 3753 1202 3827 divisim,

154 3854 303 3941 pluribus
341 3853 394 3919 vel
440 3853 506 3918 hiis
537 3854 740 3939 conjunctim
780 3853 933 3917 omnibus
972 3854 1202 3938 percellantur.

154 3958 189 4021 Si
214 3958 289 4042 quis
311 3978 390 4020 vero
425 3956 527 4021 fuerit
549 3957 631 4021 adeo
663 3956 819 4040 pertinax
843 3957 932 4041 quod
968 3957 1114 4042 perlata
1136 3978 1203 4020 non

154 4059 266 4125 valeat
289 4059 447 4133 edomari,
469 4079 489 4122 a
521 4058 659 4143 collegio
681 4064 716 4123 et
747 4057 877 4143 collegii
901 4059 1066 4123 consortio
1090 4059 1204 4123 taliter

153 4166 331 4247 separetur,
367 4166 406 4224 ut
444 4160 590 4224 reclusus
623 4160 657 4223 in
681 4181 810 4225 ramera
847 4159 936 4224 solus
975 4160 1021 4223 ibi
1061 4166 1202 4236 maneat,

153 4264 243 4328 solus
280 4263 433 4329 comedat
470 4271 505 4327 ot
536 4263 641 4338 bibat,
673 4263 758 4327 nulli
790 4284 864 4329 cum
900 4283 939 4327 eo
974 4264 1062 4348 loqui
1096 4265 1202 4342 liceat,

154 4376 274 4455 praeter
307 4368 450 4454 priorem
485 4373 545 4431 aut
578 4366 722 4451 aliquem
755 4366 827 4431 vioe
862 4366 941 4448 ejus,
970 4366 1072 4432 donoc
1106 4368 1200 4449 signa

483 4640 489 4670 ¹
507 4638 630 4703 φυτεία]
644 4638 731 4699 patule
743 4638 768 4687 in
781 4639 859 4687 MSS.

1051 4738 1070 4779 (J
